{"state":0,"message":"查询成功","pageCount":2,"countNum":154,"Tflag":2,"result":[{"name":"双色球","code":"2013154","detailsLink":"/c/2013-12-31/384865.shtml","videoLink":"","date":"2013-12-31(二)","week":"二","red":"07,11,14,19,24,29","blue":"05","blue2":"","sales":"382836786","poolmoney":"69636912","content":"上海1注,湖北2注,湖南2注,广东11注,共16注。","addmoney":"0","addmoney2":"","msg":"","z2add":"","m2add":"","prizegrades":[{"type":1,"typenum":"16","typemoney":"5625000（含加奖625000）"},{"type":2,"typenum":"182","typemoney":"172542"},{"type":3,"typenum":"1773","typemoney":"3000"},{"type":4,"typenum":"79430","typemoney":"200"},{"type":5,"typenum":"1430888","typemoney":"10"},{"type":6,"typenum":"9480128","typemoney":"5"},{"type":7,"typenum":"","typemoney":""}]},{"name":"双色球","code":"2013153","detailsLink":"/c/2013-12-29/384835.shtml","videoLink":"","date":"2013-12-29(日)","week":"日","red":"08,11,13,18,28,33","blue":"10","blue2":"","sales":"394373774","poolmoney":"76364070","content":"河北1注,辽宁1注,浙江1注,重庆1注,云南2注,共6注。","addmoney":"10000000","addmoney2":"","msg":"","z2add":"","m2add":"","prizegrades":[{"type":1,"typenum":"6","typemoney":"6666666（含加奖1666666）"},{"type":2,"typenum":"116","typemoney":"282133"},{"type":3,"typenum":"1341","typemoney":"3000"},{"type":4,"typenum":"71836","typemoney":"200"},{"type":5,"typenum":"1361468","typemoney":"10"},{"type":6,"typenum":"10429347","typemoney":"5"},{"type":7,"typenum":"","typemoney":""}]},{"name":"双色球","code":"2013152","detailsLink":"/c/2013-12-26/384822.shtml","videoLink":"","date":"2013-12-26(四)","week":"四","red":"04,06,14,16,18,29","blue":"05","blue2":"","sales":"353968798","poolmoney":"30000000","content":"北京3注,河北1注,山西1注,黑龙江1注,江苏1注,浙江1注,安徽1注,山东9注,重庆1注,河南1注,广东6注,贵州1注,深圳1注,共28注。","addmoney":"10000000","addmoney2":"","msg":"中彩中心决定：从双色球调节基金拨出30000000元，注入第2013153期奖池，第2013153期奖池资金原为：0元,累计金额为：30000000元。","z2add":"","m2add":"","prizegrades":[{"type":1,"typenum":"28","typemoney":"2774257（含加奖357142）"},{"type":2,"typenum":"213","typemoney":"75813"},{"type":3,"typenum":"2833","typemoney":"3000"},{"type":4,"typenum":"107869","typemoney":"200"},{"type":5,"typenum":"1615886","typemoney":"10"},{"type":6,"typenum":"14677115","typemoney":"5"},{"type":7,"typenum":"","typemoney":""}]},{"name":"双色球","code":"2013151","detailsLink":"/c/2013-12-24/384224.shtml","videoLink":"","date":"2013-12-24(二)","week":"二","red":"03,09,10,19,28,33","blue":"09","blue2":"","sales":"376460226","poolmoney":"30000000","content":"北京1注,天津2注,内蒙古2注,黑龙江1注,上海6注,江苏1注,浙江3注,安徽1注,福建1注,江西1注,湖北5注,湖南1注,广东2注,广西1注,贵州11注,陕西4注,新疆1注,深圳1注,共45注。","addmoney":"10000000","addmoney2":"","msg":"中彩中心决定：从双色球调节基金拨出30000000元，注入第2013152期奖池，第2013152期奖池资金原为：0元,累计金额为：30000000元。","z2add":"","m2add":"","prizegrades":[{"type":1,"typenum":"45","typemoney":"5051762（含加奖222222）"},{"type":2,"typenum":"391","typemoney":"31951"},{"type":3,"typenum":"4347","typemoney":"3000"},{"type":4,"typenum":"157169","typemoney":"200"},{"type":5,"typenum":"2191483","typemoney":"10"},{"type":6,"typenum":"15286466","typemoney":"5"},{"type":7,"typenum":"","typemoney":""}]},{"name":"双色球","code":"2013150","detailsLink":"/c/2013-12-22/384203.shtml","videoLink":"","date":"2013-12-22(日)","week":"日","red":"01,15,16,25,26,29","blue":"10","blue2":"","sales":"409001896","poolmoney":"188178865","content":"河北1注,内蒙古1注,辽宁1注,湖南2注,共5注。","addmoney":"10000000","addmoney2":"","msg":"","z2add":"","m2add":"","prizegrades":[{"type":1,"typenum":"5","typemoney":"11579919（含加奖2000000）"},{"type":2,"typenum":"93","typemoney":"369348"},{"type":3,"typenum":"1388","typemoney":"3000"},{"type":4,"typenum":"64814","typemoney":"200"},{"type":5,"typenum":"1224813","typemoney":"10"},{"type":6,"typenum":"11307604","typemoney":"5"},{"type":7,"typenum":"","typemoney":""}]},{"name":"双色球","code":"2013149","detailsLink":"/c/2013-12-19/384186.shtml","videoLink":"","date":"2013-12-19(四)","week":"四","red":"09,18,25,26,30,32","blue":"11","blue2":"","sales":"369490424","poolmoney":"155929878","content":"北京1注,内蒙古1注,上海1注,江苏3注,浙江1注,湖北1注,广东1注,共9注。","addmoney":"10000000","addmoney2":"","msg":"","z2add":"","m2add":"","prizegrades":[{"type":1,"typenum":"9","typemoney":"8188009（含加奖1111111）"},{"type":2,"typenum":"117","typemoney":"239642"},{"type":3,"typenum":"1492","typemoney":"3000"},{"type":4,"typenum":"80045","typemoney":"200"},{"type":5,"typenum":"1526752","typemoney":"10"},{"type":6,"typenum":"10367472","typemoney":"5"},{"type":7,"typenum":"","typemoney":""}]},{"name":"双色球","code":"2013148","detailsLink":"/c/2013-12-17/384170.shtml","videoLink":"","date":"2013-12-17(二)","week":"二","red":"06,11,12,14,17,22","blue":"01","blue2":"","sales":"354333120","poolmoney":"154199665","content":"北京1注,安徽1注,江西1注,湖南1注,广东1注,共5注。","addmoney":"10000000","addmoney2":"","msg":"","z2add":"","m2add":"","prizegrades":[{"type":1,"typenum":"5","typemoney":"11973853（含加奖2000000）"},{"type":2,"typenum":"120","typemoney":"310865"},{"type":3,"typenum":"801","typemoney":"3000"},{"type":4,"typenum":"46576","typemoney":"200"},{"type":5,"typenum":"1043715","typemoney":"10"},{"type":6,"typenum":"5424307","typemoney":"5"},{"type":7,"typenum":"","typemoney":""}]},{"name":"双色球","code":"2013147","detailsLink":"/c/2013-12-15/384145.shtml","videoLink":"","date":"2013-12-15(日)","week":"日","red":"02,15,16,17,19,30","blue":"08","blue2":"","sales":"400947352","poolmoney":"117026496","content":"河北1注,黑龙江2注,河南1注,广东7注,广西1注,四川1注,深圳5注,共18注。","addmoney":"10000000","addmoney2":"","msg":"","z2add":"","m2add":"","prizegrades":[{"type":1,"typenum":"18","typemoney":"6544074（含加奖555555）"},{"type":2,"typenum":"132","typemoney":"202197"},{"type":3,"typenum":"2001","typemoney":"3000"},{"type":4,"typenum":"89167","typemoney":"200"},{"type":5,"typenum":"1572632","typemoney":"10"},{"type":6,"typenum":"13586949","typemoney":"5"},{"type":7,"typenum":"","typemoney":""}]},{"name":"双色球","code":"2013146","detailsLink":"/c/2013-12-12/384138.shtml","videoLink":"","date":"2013-12-12(四)","week":"四","red":"08,20,25,30,32,33","blue":"01","blue2":"","sales":"404451866","poolmoney":"162543128","content":"山东1注,贵州1注,陕西1注,深圳1注,共4注。","addmoney":"10000000","addmoney2":"","msg":"","z2add":"","m2add":"","prizegrades":[{"type":1,"typenum":"4","typemoney":"7500000（含加奖2500000）"},{"type":2,"typenum":"147","typemoney":"261336"},{"type":3,"typenum":"1226","typemoney":"3000"},{"type":4,"typenum":"66923","typemoney":"200"},{"type":5,"typenum":"1351859","typemoney":"10"},{"type":6,"typenum":"7909026","typemoney":"5"},{"type":7,"typenum":"","typemoney":""}]},{"name":"双色球","code":"2013145","detailsLink":"/c/2013-12-10/384120.shtml","videoLink":"","date":"2013-12-10(二)","week":"二","red":"06,10,13,16,23,24","blue":"15","blue2":"","sales":"364933776","poolmoney":"92904565","content":"河北1注,辽宁2注,黑龙江1注,江苏1注,山东1注,湖北1注,广东3注,新疆2注,深圳1注,共13注。","addmoney":"10000000","addmoney2":"","msg":"","z2add":"","m2add":"","prizegrades":[{"type":1,"typenum":"13","typemoney":"5769230（含加奖769230）"},{"type":2,"typenum":"237","typemoney":"105672"},{"type":3,"typenum":"2667","typemoney":"3000"},{"type":4,"typenum":"104182","typemoney":"200"},{"type":5,"typenum":"1629952","typemoney":"10"},{"type":6,"typenum":"10039822","typemoney":"5"},{"type":7,"typenum":"","typemoney":""}]},{"name":"双色球","code":"2013144","detailsLink":"/c/2013-12-08/384099.shtml","videoLink":"","date":"2013-12-08(日)","week":"日","red":"05,07,12,19,27,31","blue":"02","blue2":"","sales":"406764784","poolmoney":"99467508","content":"内蒙古1注,辽宁1注,上海2注,江苏3注,浙江2注,云南1注,甘肃1注,新疆1注,共12注。","addmoney":"10000000","addmoney2":"","msg":"","z2add":"","m2add":"","prizegrades":[{"type":1,"typenum":"12","typemoney":"5833333（含加奖833333）"},{"type":2,"typenum":"308","typemoney":"106753"},{"type":3,"typenum":"1733","typemoney":"3000"},{"type":4,"typenum":"92083","typemoney":"200"},{"type":5,"typenum":"1645043","typemoney":"10"},{"type":6,"typenum":"9929701","typemoney":"5"},{"type":7,"typenum":"","typemoney":""}]},{"name":"双色球","code":"2013143","detailsLink":"/c/2013-12-05/384089.shtml","videoLink":"","date":"2013-12-05(四)","week":"四","red":"12,18,21,22,27,32","blue":"11","blue2":"","sales":"364973022","poolmoney":"82747368","content":"辽宁1注,上海1注,江西1注,山东1注,广东2注,陕西2注,共8注。","addmoney":"10000000","addmoney2":"","msg":"","z2add":"","m2add":"","prizegrades":[{"type":1,"typenum":"8","typemoney":"6250000（含加奖1250000）"},{"type":2,"typenum":"90","typemoney":"280224"},{"type":3,"typenum":"1411","typemoney":"3000"},{"type":4,"typenum":"68146","typemoney":"200"},{"type":5,"typenum":"1265371","typemoney":"10"},{"type":6,"typenum":"12850691","typemoney":"5"},{"type":7,"typenum":"","typemoney":""}]},{"name":"双色球","code":"2013142","detailsLink":"/c/2013-12-03/384069.shtml","videoLink":"","date":"2013-12-03(二)","week":"二","red":"11,12,14,20,22,29","blue":"14","blue2":"","sales":"356100256","poolmoney":"63900184","content":"北京1注,天津2注,河北1注,山西1注,浙江1注,湖南1注,四川1注,共8注。","addmoney":"10000000","addmoney2":"","msg":"","z2add":"","m2add":"","prizegrades":[{"type":1,"typenum":"8","typemoney":"6250000（含加奖1250000）"},{"type":2,"typenum":"119","typemoney":"266147"},{"type":3,"typenum":"1171","typemoney":"3000"},{"type":4,"typenum":"55431","typemoney":"200"},{"type":5,"typenum":"1122936","typemoney":"10"},{"type":6,"typenum":"8617774","typemoney":"5"},{"type":7,"typenum":"","typemoney":""}]},{"name":"双色球","code":"2013141","detailsLink":"/c/2013-12-01/384030.shtml","videoLink":"","date":"2013-12-01(日)","week":"日","red":"03,04,05,25,30,31","blue":"04","blue2":"","sales":"409703546","poolmoney":"30000000","content":"北京1注,天津1注,河北2注,辽宁1注,江苏1注,浙江2注,安徽2注,江西1注,山东2注,广东5注,云南1注,陕西1注,甘肃2注,宁夏1注,新疆1注,深圳1注,共25注。","addmoney":"10000000","addmoney2":"","msg":"中彩中心决定：从双色球调节基金拨出30000000元，注入第2013142期奖池，第2013142期奖池资金原为：0元,累计金额为：30000000元。","z2add":"","m2add":"","prizegrades":[{"type":1,"typenum":"25","typemoney":"4151240（含加奖400000）"},{"type":2,"typenum":"180","typemoney":"40462"},{"type":3,"typenum":"3676","typemoney":"3000"},{"type":4,"typenum":"153503","typemoney":"200"},{"type":5,"typenum":"2374779","typemoney":"10"},{"type":6,"typenum":"22200224","typemoney":"5"},{"type":7,"typenum":"","typemoney":""}]},{"name":"双色球","code":"2013140","detailsLink":"/c/2013-11-28/384005.shtml","videoLink":"","date":"2013-11-28(四)","week":"四","red":"01,05,12,13,21,22","blue":"10","blue2":"","sales":"359556480","poolmoney":"76786944","content":"黑龙江1注,江苏1注,云南1注,宁夏1注,共4注。","addmoney":"10000000","addmoney2":"","msg":"","z2add":"","m2add":"","prizegrades":[{"type":1,"typenum":"4","typemoney":"7500000（含加奖2500000）"},{"type":2,"typenum":"125","typemoney":"228983"},{"type":3,"typenum":"1149","typemoney":"3000"},{"type":4,"typenum":"68167","typemoney":"200"},{"type":5,"typenum":"1305690","typemoney":"10"},{"type":6,"typenum":"10127090","typemoney":"5"},{"type":7,"typenum":"","typemoney":""}]},{"name":"双色球","code":"2013139","detailsLink":"/c/2013-11-26/383953.shtml","videoLink":"","date":"2013-11-26(二)","week":"二","red":"07,08,11,13,21,27","blue":"08","blue2":"","sales":"372082440","poolmoney":"30000000","content":"北京1注,天津1注,河北1注,辽宁1注,上海2注,江苏1注,浙江2注,安徽1注,江西2注,重庆1注,河南2注,湖北2注,湖南1注,广东3注,广西2注,甘肃1注,青海1注,共25注。","addmoney":"10000000","addmoney2":"","msg":"中彩中心决定：从双色球调节基金拨出30000000元，注入第2013140期奖池，第2013140期奖池资金原为：0元,累计金额为：30000000元。","z2add":"","m2add":"","prizegrades":[{"type":1,"typenum":"25","typemoney":"4905577（含加奖400000）"},{"type":2,"typenum":"184","typemoney":"89406"},{"type":3,"typenum":"3212","typemoney":"3000"},{"type":4,"typenum":"133890","typemoney":"200"},{"type":5,"typenum":"2110649","typemoney":"10"},{"type":6,"typenum":"13992790","typemoney":"5"},{"type":7,"typenum":"","typemoney":""}]},{"name":"双色球","code":"2013138","detailsLink":"/c/2013-11-24/383907.shtml","videoLink":"","date":"2013-11-24(日)","week":"日","red":"04,15,16,24,27,28","blue":"03","blue2":"","sales":"402650432","poolmoney":"74254260","content":"吉林2注,黑龙江1注,上海1注,浙江1注,安徽1注,江西1注,广东1注,甘肃1注,深圳1注,共10注。","addmoney":"10000000","addmoney2":"","msg":"","z2add":"","m2add":"","prizegrades":[{"type":1,"typenum":"10","typemoney":"6000000（含加奖1000000）"},{"type":2,"typenum":"161","typemoney":"194166"},{"type":3,"typenum":"1639","typemoney":"3000"},{"type":4,"typenum":"77833","typemoney":"200"},{"type":5,"typenum":"1455093","typemoney":"10"},{"type":6,"typenum":"11612263","typemoney":"5"},{"type":7,"typenum":"","typemoney":""}]},{"name":"双色球","code":"2013137","detailsLink":"/c/2013-11-21/383894.shtml","videoLink":"","date":"2013-11-21(四)","week":"四","red":"04,17,19,23,24,27","blue":"10","blue2":"","sales":"379293130","poolmoney":"51312261","content":"河北1注,辽宁3注,黑龙江1注,上海1注,江苏6注,浙江3注,山东2注,重庆3注,河南1注,湖北1注,广东1注,陕西2注,甘肃1注,新疆1注,共27注。","addmoney":"10000000","addmoney2":"","msg":"中彩中心决定：从双色球调节基金拨出30000000元，注入第2013138期奖池，第2013138期奖池资金原为：21312261.00元,累计金额为：51312261.00元。","z2add":"","m2add":"","prizegrades":[{"type":1,"typenum":"27","typemoney":"5953328（含加奖370370）"},{"type":2,"typenum":"420","typemoney":"56213"},{"type":3,"typenum":"3585","typemoney":"3000"},{"type":4,"typenum":"134689","typemoney":"200"},{"type":5,"typenum":"1979347","typemoney":"10"},{"type":6,"typenum":"9933585","typemoney":"5"},{"type":7,"typenum":"","typemoney":""}]},{"name":"双色球","code":"2013136","detailsLink":"/c/2013-11-19/383884.shtml","videoLink":"","date":"2013-11-19(二)","week":"二","red":"04,06,14,16,18,26","blue":"06","blue2":"","sales":"369164734","poolmoney":"116962560","content":"北京1注,山西1注,内蒙古2注,安徽1注,河南2注,湖南1注,广东1注,广西1注,云南1注,深圳1注,共12注。","addmoney":"10000000","addmoney2":"","msg":"","z2add":"","m2add":"","prizegrades":[{"type":1,"typenum":"12","typemoney":"7096267（含加奖833333）"},{"type":2,"typenum":"139","typemoney":"163545"},{"type":3,"typenum":"2736","typemoney":"3000"},{"type":4,"typenum":"94285","typemoney":"200"},{"type":5,"typenum":"1489546","typemoney":"10"},{"type":6,"typenum":"12630837","typemoney":"5"},{"type":7,"typenum":"","typemoney":""}]},{"name":"双色球","code":"2013135","detailsLink":"/c/2013-11-17/383858.shtml","videoLink":"","date":"2013-11-17(日)","week":"日","red":"09,23,24,25,29,31","blue":"12","blue2":"","sales":"406720240","poolmoney":"139074525","content":"黑龙江1注,浙江1注,安徽1注,山东1注,深圳1注,共5注。","addmoney":"10000000","addmoney2":"","msg":"","z2add":"","m2add":"","prizegrades":[{"type":1,"typenum":"5","typemoney":"7000000（含加奖2000000）"},{"type":2,"typenum":"113","typemoney":"309968"},{"type":3,"typenum":"1329","typemoney":"3000"},{"type":4,"typenum":"70499","typemoney":"200"},{"type":5,"typenum":"1337691","typemoney":"10"},{"type":6,"typenum":"10214911","typemoney":"5"},{"type":7,"typenum":"","typemoney":""}]},{"name":"双色球","code":"2013134","detailsLink":"/c/2013-11-14/383847.shtml","videoLink":"","date":"2013-11-14(四)","week":"四","red":"01,17,18,19,25,29","blue":"10","blue2":"","sales":"372289714","poolmoney":"82346272","content":"内蒙古1注,黑龙江3注,上海2注,江苏2注,浙江6注,安徽1注,山东1注,共16注。","addmoney":"10000000","addmoney2":"","msg":"","z2add":"","m2add":"","prizegrades":[{"type":1,"typenum":"16","typemoney":"6687967（含加奖625000）"},{"type":2,"typenum":"118","typemoney":"216196"},{"type":3,"typenum":"1600","typemoney":"3000"},{"type":4,"typenum":"80731","typemoney":"200"},{"type":5,"typenum":"1449671","typemoney":"10"},{"type":6,"typenum":"12388337","typemoney":"5"},{"type":7,"typenum":"","typemoney":""}]},{"name":"双色球","code":"2013133","detailsLink":"/c/2013-11-12/383834.shtml","videoLink":"","date":"2013-11-12(二)","week":"二","red":"04,07,12,19,22,25","blue":"01","blue2":"","sales":"361709328","poolmoney":"119827596","content":"黑龙江2注,江苏1注,浙江2注,山东6注,四川1注,共12注。","addmoney":"10000000","addmoney2":"","msg":"","z2add":"","m2add":"","prizegrades":[{"type":1,"typenum":"12","typemoney":"7671892（含加奖833333）"},{"type":2,"typenum":"248","typemoney":"133443"},{"type":3,"typenum":"1094","typemoney":"3000"},{"type":4,"typenum":"64222","typemoney":"200"},{"type":5,"typenum":"1255061","typemoney":"10"},{"type":6,"typenum":"7649399","typemoney":"5"},{"type":7,"typenum":"","typemoney":""}]},{"name":"双色球","code":"2013132","detailsLink":"/c/2013-11-10/383823.shtml","videoLink":"","date":"2013-11-10(日)","week":"日","red":"20,21,22,23,25,27","blue":"12","blue2":"","sales":"420848208","poolmoney":"124670825","content":"江苏1注,广东1注,广西1注,贵州1注,云南1注,陕西20注,共25注。","addmoney":"10000000","addmoney2":"","msg":"","z2add":"","m2add":"","prizegrades":[{"type":1,"typenum":"25","typemoney":"6197955（含加奖400000）"},{"type":2,"typenum":"176","typemoney":"170018"},{"type":3,"typenum":"1397","typemoney":"3000"},{"type":4,"typenum":"69524","typemoney":"200"},{"type":5,"typenum":"1321083","typemoney":"10"},{"type":6,"typenum":"15032918","typemoney":"5"},{"type":7,"typenum":"","typemoney":""}]},{"name":"双色球","code":"2013131","detailsLink":"/c/2013-11-07/383776.shtml","videoLink":"","date":"2013-11-07(四)","week":"四","red":"04,06,12,17,19,26","blue":"09","blue2":"","sales":"388319260","poolmoney":"199798632","content":"北京1注,河北2注,辽宁2注,黑龙江1注,福建1注,江西1注,山东1注,重庆3注,湖南1注,广东3注,深圳2注,共18注。","addmoney":"10000000","addmoney2":"","msg":"","z2add":"","m2add":"","prizegrades":[{"type":1,"typenum":"18","typemoney":"6291307（含加奖555555）"},{"type":2,"typenum":"130","typemoney":"152810"},{"type":3,"typenum":"2698","typemoney":"3000"},{"type":4,"typenum":"115705","typemoney":"200"},{"type":5,"typenum":"1914416","typemoney":"10"},{"type":6,"typenum":"14735914","typemoney":"5"},{"type":7,"typenum":"","typemoney":""}]},{"name":"双色球","code":"2013130","detailsLink":"/c/2013-11-05/383749.shtml","videoLink":"","date":"2013-11-05(二)","week":"二","red":"01,03,15,16,31,33","blue":"08","blue2":"","sales":"385080972","poolmoney":"256689792","content":"北京1注,河北1注,山西1注,黑龙江1注,上海1注,江苏1注,浙江1注,福建1注,湖北1注,广东2注,广西1注,共12注。","addmoney":"10000000","addmoney2":"","msg":"","z2add":"","m2add":"","prizegrades":[{"type":1,"typenum":"12","typemoney":"7637890（含加奖833333）"},{"type":2,"typenum":"115","typemoney":"282452"},{"type":3,"typenum":"1289","typemoney":"3000"},{"type":4,"typenum":"64654","typemoney":"200"},{"type":5,"typenum":"1183898","typemoney":"10"},{"type":6,"typenum":"10355893","typemoney":"5"},{"type":7,"typenum":"","typemoney":""}]},{"name":"双色球","code":"2013129","detailsLink":"/c/2013-11-03/383727.shtml","videoLink":"","date":"2013-11-03(日)","week":"日","red":"05,06,10,14,27,31","blue":"14","blue2":"","sales":"418710844","poolmoney":"262553088","content":"黑龙江1注,江苏1注,安徽1注,山东1注,共4注。","addmoney":"10000000","addmoney2":"","msg":"","z2add":"","m2add":"","prizegrades":[{"type":1,"typenum":"4","typemoney":"12500000（含加奖2500000）"},{"type":2,"typenum":"144","typemoney":"299336"},{"type":3,"typenum":"797","typemoney":"3000"},{"type":4,"typenum":"56852","typemoney":"200"},{"type":5,"typenum":"1270351","typemoney":"10"},{"type":6,"typenum":"7004348","typemoney":"5"},{"type":7,"typenum":"","typemoney":""}]},{"name":"双色球","code":"2013128","detailsLink":"/c/2013-10-31/383707.shtml","videoLink":"","date":"2013-10-31(四)","week":"四","red":"07,13,17,19,25,31","blue":"08","blue2":"","sales":"381844688","poolmoney":"201975928","content":"上海2注,浙江1注,重庆1注,湖北1注,深圳3注,共8注。","addmoney":"10000000","addmoney2":"","msg":"","z2add":"","m2add":"","prizegrades":[{"type":1,"typenum":"8","typemoney":"8483315（含加奖1250000）"},{"type":2,"typenum":"156","typemoney":"171793"},{"type":3,"typenum":"1975","typemoney":"3000"},{"type":4,"typenum":"84056","typemoney":"200"},{"type":5,"typenum":"1418070","typemoney":"10"},{"type":6,"typenum":"12170872","typemoney":"5"},{"type":7,"typenum":"","typemoney":""}]},{"name":"双色球","code":"2013127","detailsLink":"/c/2013-10-29/383698.shtml","videoLink":"","date":"2013-10-29(二)","week":"二","red":"02,03,13,20,22,33","blue":"14","blue2":"","sales":"376726836","poolmoney":"197309615","content":"天津1注,浙江2注,湖南1注,广东1注,共5注。","addmoney":"10000000","addmoney2":"","msg":"","z2add":"","m2add":"","prizegrades":[{"type":1,"typenum":"5","typemoney":"11767862（含加奖2000000）"},{"type":2,"typenum":"216","typemoney":"165550"},{"type":3,"typenum":"1160","typemoney":"3000"},{"type":4,"typenum":"66620","typemoney":"200"},{"type":5,"typenum":"1237003","typemoney":"10"},{"type":6,"typenum":"7245112","typemoney":"5"},{"type":7,"typenum":"","typemoney":""}]},{"name":"双色球","code":"2013126","detailsLink":"/c/2013-10-27/383678.shtml","videoLink":"","date":"2013-10-27(日)","week":"日","red":"04,10,19,27,31,33","blue":"16","blue2":"","sales":"408866622","poolmoney":"162711340","content":"河北1注,内蒙古1注,湖南1注,广东1注,新疆1注,共5注。","addmoney":"10000000","addmoney2":"","msg":"","z2add":"","m2add":"","prizegrades":[{"type":1,"typenum":"5","typemoney":"12000000（含加奖2000000）"},{"type":2,"typenum":"155","typemoney":"247917"},{"type":3,"typenum":"1049","typemoney":"3000"},{"type":4,"typenum":"60444","typemoney":"200"},{"type":5,"typenum":"1275355","typemoney":"10"},{"type":6,"typenum":"8852883","typemoney":"5"},{"type":7,"typenum":"","typemoney":""}]},{"name":"双色球","code":"2013125","detailsLink":"/c/2013-10-24/383655.shtml","videoLink":"","date":"2013-10-24(四)","week":"四","red":"04,06,08,18,25,28","blue":"16","blue2":"","sales":"372984566","poolmoney":"123047728","content":"辽宁1注,福建1注,重庆1注,湖南1注,广东1注,贵州1注,深圳2注,共8注。","addmoney":"10000000","addmoney2":"","msg":"","z2add":"","m2add":"","prizegrades":[{"type":1,"typenum":"8","typemoney":"9047241（含加奖1250000）"},{"type":2,"typenum":"308","typemoney":"108983"},{"type":3,"typenum":"1519","typemoney":"3000"},{"type":4,"typenum":"86691","typemoney":"200"},{"type":5,"typenum":"1669210","typemoney":"10"},{"type":6,"typenum":"6457094","typemoney":"5"},{"type":7,"typenum":"","typemoney":""}]},{"name":"双色球","code":"2013124","detailsLink":"/c/2013-10-22/383628.shtml","videoLink":"","date":"2013-10-22(二)","week":"二","red":"03,09,15,23,25,30","blue":"07","blue2":"","sales":"347249642","poolmoney":"107102896","content":"内蒙古1注,浙江4注,安徽1注,重庆1注,宁夏1注,共8注。","addmoney":"","addmoney2":"","msg":"","z2add":"","m2add":"","prizegrades":[{"type":1,"typenum":"8","typemoney":"5000000"},{"type":2,"typenum":"140","typemoney":"186561"},{"type":3,"typenum":"1665","typemoney":"3000"},{"type":4,"typenum":"78075","typemoney":"200"},{"type":5,"typenum":"1400469","typemoney":"10"},{"type":6,"typenum":"9695078","typemoney":"5"},{"type":7,"typenum":"","typemoney":""}]},{"name":"双色球","code":"2013123","detailsLink":"/c/2013-10-20/383623.shtml","videoLink":"","date":"2013-10-20(日)","week":"日","red":"01,02,06,11,17,25","blue":"02","blue2":"","sales":"385822278","poolmoney":"86159328","content":"上海3注,浙江1注,山东2注,河南3注,广西1注,四川1注,云南1注,共12注。","addmoney":"","addmoney2":"","msg":"","z2add":"","m2add":"","prizegrades":[{"type":1,"typenum":"12","typemoney":"5000000"},{"type":2,"typenum":"109","typemoney":"277152"},{"type":3,"typenum":"1433","typemoney":"3000"},{"type":4,"typenum":"75691","typemoney":"200"},{"type":5,"typenum":"1420180","typemoney":"10"},{"type":6,"typenum":"10943042","typemoney":"5"},{"type":7,"typenum":"","typemoney":""}]},{"name":"双色球","code":"2013122","detailsLink":"/c/2013-10-17/383597.shtml","videoLink":"","date":"2013-10-17(四)","week":"四","red":"07,10,13,15,26,27","blue":"11","blue2":"","sales":"345544080","poolmoney":"75670240","content":"浙江1注,福建1注,山东1注,湖北2注,广西1注,海南1注,四川1注,贵州2注,共10注。","addmoney":"","addmoney2":"","msg":"","z2add":"","m2add":"","prizegrades":[{"type":1,"typenum":"10","typemoney":"5000000"},{"type":2,"typenum":"173","typemoney":"161020"},{"type":3,"typenum":"1417","typemoney":"3000"},{"type":4,"typenum":"78474","typemoney":"200"},{"type":5,"typenum":"1470963","typemoney":"10"},{"type":6,"typenum":"8361157","typemoney":"5"},{"type":7,"typenum":"","typemoney":""}]},{"name":"双色球","code":"2013121","detailsLink":"/c/2013-10-16/383575.shtml","videoLink":"","date":"2013-10-15(二)","week":"二","red":"04,05,06,07,25,27","blue":"07","blue2":"","sales":"337100116","poolmoney":"60671480","content":"内蒙古1注,辽宁1注,江西1注,河南1注,贵州1注,共5注。","addmoney":"","addmoney2":"","msg":"","z2add":"","m2add":"","prizegrades":[{"type":1,"typenum":"5","typemoney":"5000000"},{"type":2,"typenum":"155","typemoney":"135981"},{"type":3,"typenum":"2088","typemoney":"3000"},{"type":4,"typenum":"92754","typemoney":"200"},{"type":5,"typenum":"1570659","typemoney":"10"},{"type":6,"typenum":"10880084","typemoney":"5"},{"type":7,"typenum":"","typemoney":""}]},{"name":"双色球","code":"2013120","detailsLink":"/c/2013-10-13/383565.shtml","videoLink":"","date":"2013-10-13(日)","week":"日","red":"05,06,13,18,23,31","blue":"11","blue2":"","sales":"404684072","poolmoney":"36491411","content":"北京3注,河北1注,辽宁2注,吉林2注,黑龙江3注,上海1注,江苏2注,浙江9注,安徽2注,山东1注,重庆1注,湖北1注,湖南1注,广东6注,广西4注,四川1注,贵州1注,云南3注,陕西1注,甘肃1注,深圳1注,共47注。","addmoney":"","addmoney2":"","msg":"","z2add":"","m2add":"","prizegrades":[{"type":1,"typenum":"47","typemoney":"5263001"},{"type":2,"typenum":"447","typemoney":"41480"},{"type":3,"typenum":"4923","typemoney":"3000"},{"type":4,"typenum":"156874","typemoney":"200"},{"type":5,"typenum":"2170766","typemoney":"10"},{"type":6,"typenum":"13727660","typemoney":"5"},{"type":7,"typenum":"","typemoney":""}]},{"name":"双色球","code":"2013119","detailsLink":"/c/2013-10-10/383539.shtml","videoLink":"","date":"2013-10-10(四)","week":"四","red":"05,15,20,22,26,32","blue":"09","blue2":"","sales":"357071040","poolmoney":"240588702","content":"上海1注,江苏1注,山东1注,重庆1注,湖北1注,广东1注,广西3注,共9注。","addmoney":"","addmoney2":"","msg":"","z2add":"","m2add":"","prizegrades":[{"type":1,"typenum":"9","typemoney":"6880734"},{"type":2,"typenum":"83","typemoney":"305902"},{"type":3,"typenum":"1450","typemoney":"3000"},{"type":4,"typenum":"67106","typemoney":"200"},{"type":5,"typenum":"1232948","typemoney":"10"},{"type":6,"typenum":"12046218","typemoney":"5"},{"type":7,"typenum":"","typemoney":""}]},{"name":"双色球","code":"2013118","detailsLink":"/c/2013-10-09/383487.shtml","videoLink":"","date":"2013-10-08(二)","week":"二","red":"02,03,17,22,32,33","blue":"16","blue2":"","sales":"343511272","poolmoney":"243272184","content":"上海1注,江苏1注,安徽1注,广东2注,深圳1注,共6注。","addmoney":"","addmoney2":"","msg":"","z2add":"","m2add":"","prizegrades":[{"type":1,"typenum":"6","typemoney":"8693827"},{"type":2,"typenum":"93","typemoney":"357467"},{"type":3,"typenum":"1147","typemoney":"3000"},{"type":4,"typenum":"53632","typemoney":"200"},{"type":5,"typenum":"1011033","typemoney":"10"},{"type":6,"typenum":"6645594","typemoney":"5"},{"type":7,"typenum":"","typemoney":""}]},{"name":"双色球","code":"2013117","detailsLink":"/c/2013-10-08/383469.shtml","videoLink":"","date":"2013-10-06(日)","week":"日","red":"09,12,13,24,27,33","blue":"16","blue2":"","sales":"368579726","poolmoney":"217864773","content":"辽宁10注,上海1注,江苏2注,安徽2注,湖北1注,广东2注,广西1注,共19注。","addmoney":"","addmoney2":"","msg":"","z2add":"","m2add":"","prizegrades":[{"type":1,"typenum":"19","typemoney":"6129010"},{"type":2,"typenum":"232","typemoney":"138693"},{"type":3,"typenum":"1034","typemoney":"3000"},{"type":4,"typenum":"69622","typemoney":"200"},{"type":5,"typenum":"1323070","typemoney":"10"},{"type":6,"typenum":"8618192","typemoney":"5"},{"type":7,"typenum":"","typemoney":""}]},{"name":"双色球","code":"2013116","detailsLink":"/c/2013-10-08/383468.shtml","videoLink":"","date":"2013-10-03(四)","week":"四","red":"12,15,21,26,32,33","blue":"07","blue2":"","sales":"312633700","poolmoney":"259236778","content":"辽宁1注,江苏1注,共2注。","addmoney":"","addmoney2":"","msg":"","z2add":"","m2add":"","prizegrades":[{"type":1,"typenum":"2","typemoney":"10000000"},{"type":2,"typenum":"148","typemoney":"194817"},{"type":3,"typenum":"668","typemoney":"3000"},{"type":4,"typenum":"38956","typemoney":"200"},{"type":5,"typenum":"821713","typemoney":"10"},{"type":6,"typenum":"7813620","typemoney":"5"},{"type":7,"typenum":"","typemoney":""}]},{"name":"双色球","code":"2013115","detailsLink":"/c/2013-10-08/383465.shtml","videoLink":"","date":"2013-10-01(二)","week":"二","red":"03,12,16,17,18,27","blue":"08","blue2":"","sales":"319974332","poolmoney":"211959722","content":"北京1注,河北2注,山西1注,山东1注,河南2注,广东1注,云南5注,共13注。","addmoney":"","addmoney2":"","msg":"","z2add":"","m2add":"","prizegrades":[{"type":1,"typenum":"13","typemoney":"6116365"},{"type":2,"typenum":"122","typemoney":"178435"},{"type":3,"typenum":"1516","typemoney":"3000"},{"type":4,"typenum":"77783","typemoney":"200"},{"type":5,"typenum":"1341036","typemoney":"10"},{"type":6,"typenum":"10141741","typemoney":"5"},{"type":7,"typenum":"","typemoney":""}]},{"name":"双色球","code":"2013114","detailsLink":"/c/2013-09-30/383463.shtml","videoLink":"","date":"2013-09-29(日)","week":"日","red":"04,06,17,21,23,33","blue":"07","blue2":"","sales":"398506774","poolmoney":"240677850","content":"黑龙江1注,江苏1注,河南1注,四川1注,青海1注,共5注。","addmoney":"","addmoney2":"","msg":"","z2add":"","m2add":"","prizegrades":[{"type":1,"typenum":"5","typemoney":"10000000"},{"type":2,"typenum":"97","typemoney":"389940"},{"type":3,"typenum":"1004","typemoney":"3000"},{"type":4,"typenum":"53915","typemoney":"200"},{"type":5,"typenum":"1097481","typemoney":"10"},{"type":6,"typenum":"8883524","typemoney":"5"},{"type":7,"typenum":"","typemoney":""}]},{"name":"双色球","code":"2013113","detailsLink":"/c/2013-09-27/383430.shtml","videoLink":"","date":"2013-09-26(四)","week":"四","red":"04,07,11,17,24,33","blue":"09","blue2":"","sales":"353992568","poolmoney":"202421233","content":"河北1注,辽宁1注,安徽1注,云南2注,陕西1注,深圳1注,共7注。","addmoney":"","addmoney2":"","msg":"","z2add":"","m2add":"","prizegrades":[{"type":1,"typenum":"7","typemoney":"7162340"},{"type":2,"typenum":"147","typemoney":"154452"},{"type":3,"typenum":"2017","typemoney":"3000"},{"type":4,"typenum":"88793","typemoney":"200"},{"type":5,"typenum":"1506550","typemoney":"10"},{"type":6,"typenum":"11779868","typemoney":"5"},{"type":7,"typenum":"","typemoney":""}]},{"name":"双色球","code":"2013112","detailsLink":"/c/2013-09-25/383417.shtml","videoLink":"","date":"2013-09-24(二)","week":"二","red":"01,06,12,13,22,31","blue":"07","blue2":"","sales":"344881702","poolmoney":"199580280","content":"浙江1注,重庆10注,深圳1注,共12注。","addmoney":"","addmoney2":"","msg":"","z2add":"","m2add":"","prizegrades":[{"type":1,"typenum":"12","typemoney":"6452204"},{"type":2,"typenum":"77","typemoney":"339476"},{"type":3,"typenum":"1219","typemoney":"3000"},{"type":4,"typenum":"59399","typemoney":"200"},{"type":5,"typenum":"1097942","typemoney":"10"},{"type":6,"typenum":"11068710","typemoney":"5"},{"type":7,"typenum":"","typemoney":""}]},{"name":"双色球","code":"2013111","detailsLink":"/c/2013-09-23/383413.shtml","videoLink":"","date":"2013-09-22(日)","week":"日","red":"01,02,03,06,08,33","blue":"13","blue2":"","sales":"401502238","poolmoney":"216014150","content":"北京1注,河北2注,内蒙古1注,黑龙江2注,上海1注,浙江3注,安徽1注,福建3注,重庆1注,河南2注,广东1注,四川2注,新疆1注,深圳1注,共22注。","addmoney":"","addmoney2":"","msg":"","z2add":"","m2add":"","prizegrades":[{"type":1,"typenum":"22","typemoney":"5988146"},{"type":2,"typenum":"252","typemoney":"129400"},{"type":3,"typenum":"1991","typemoney":"3000"},{"type":4,"typenum":"86948","typemoney":"200"},{"type":5,"typenum":"1486027","typemoney":"10"},{"type":6,"typenum":"9963423","typemoney":"5"},{"type":7,"typenum":"","typemoney":""}]},{"name":"双色球","code":"2013110","detailsLink":"/c/2013-09-21/383386.shtml","videoLink":"","date":"2013-09-19(四)","week":"四","red":"15,17,18,21,29,32","blue":"13","blue2":"","sales":"341867256","poolmoney":"271666100","content":"北京1注,天津1注,安徽1注,广东1注,共4注。","addmoney":"","addmoney2":"","msg":"","z2add":"","m2add":"","prizegrades":[{"type":1,"typenum":"4","typemoney":"9320948"},{"type":2,"typenum":"56","typemoney":"462958"},{"type":3,"typenum":"857","typemoney":"3000"},{"type":4,"typenum":"54810","typemoney":"200"},{"type":5,"typenum":"1127790","typemoney":"10"},{"type":6,"typenum":"11257019","typemoney":"5"},{"type":7,"typenum":"","typemoney":""}]},{"name":"双色球","code":"2013109","detailsLink":"/c/2013-09-18/383381.shtml","videoLink":"","date":"2013-09-17(二)","week":"二","red":"09,23,24,27,29,32","blue":"08","blue2":"","sales":"351155742","poolmoney":"248456620","content":"浙江1注,河南1注,四川1注,陕西1注,甘肃1注,共5注。","addmoney":"","addmoney2":"","msg":"","z2add":"","m2add":"","prizegrades":[{"type":1,"typenum":"5","typemoney":"7299549"},{"type":2,"typenum":"103","typemoney":"167442"},{"type":3,"typenum":"1931","typemoney":"3000"},{"type":4,"typenum":"92388","typemoney":"200"},{"type":5,"typenum":"1586511","typemoney":"10"},{"type":6,"typenum":"14888375","typemoney":"5"},{"type":7,"typenum":"","typemoney":""}]},{"name":"双色球","code":"2013108","detailsLink":"/c/2013-09-15/383353.shtml","videoLink":"","date":"2013-09-15(日)","week":"日","red":"16,21,22,28,31,32","blue":"05","blue2":"","sales":"384725718","poolmoney":"244712259","content":"山西1注,吉林1注,浙江1注,共3注。","addmoney":"","addmoney2":"","msg":"","z2add":"","m2add":"","prizegrades":[{"type":1,"typenum":"3","typemoney":"10000000"},{"type":2,"typenum":"60","typemoney":"488705"},{"type":3,"typenum":"985","typemoney":"3000"},{"type":4,"typenum":"54364","typemoney":"200"},{"type":5,"typenum":"1083690","typemoney":"10"},{"type":6,"typenum":"13221955","typemoney":"5"},{"type":7,"typenum":"","typemoney":""}]},{"name":"双色球","code":"2013107","detailsLink":"/c/2013-09-12/383342.shtml","videoLink":"","date":"2013-09-12(四)","week":"四","red":"07,09,11,17,28,31","blue":"11","blue2":"","sales":"349907348","poolmoney":"206293472","content":"北京1注,辽宁1注,黑龙江1注,湖南1注,四川1注,云南1注,陕西1注,共7注。","addmoney":"","addmoney2":"","msg":"","z2add":"","m2add":"","prizegrades":[{"type":1,"typenum":"7","typemoney":"7784397"},{"type":2,"typenum":"120","typemoney":"243634"},{"type":3,"typenum":"1653","typemoney":"3000"},{"type":4,"typenum":"76979","typemoney":"200"},{"type":5,"typenum":"1345250","typemoney":"10"},{"type":6,"typenum":"8038679","typemoney":"5"},{"type":7,"typenum":"","typemoney":""}]},{"name":"双色球","code":"2013106","detailsLink":"/c/2013-09-11/383325.shtml","videoLink":"","date":"2013-09-10(二)","week":"二","red":"09,11,23,30,31,32","blue":"06","blue2":"","sales":"344715810","poolmoney":"192566520","content":"河南1注,广东2注,广西1注,共4注。","addmoney":"","addmoney2":"","msg":"","z2add":"","m2add":"","prizegrades":[{"type":1,"typenum":"4","typemoney":"8223793"},{"type":2,"typenum":"77","typemoney":"251204"},{"type":3,"typenum":"1498","typemoney":"3000"},{"type":4,"typenum":"71995","typemoney":"200"},{"type":5,"typenum":"1271304","typemoney":"10"},{"type":6,"typenum":"14565769","typemoney":"5"},{"type":7,"typenum":"","typemoney":""}]},{"name":"双色球","code":"2013105","detailsLink":"/c/2013-09-08/383318.shtml","videoLink":"","date":"2013-09-08(日)","week":"日","red":"01,11,23,27,31,32","blue":"09","blue2":"","sales":"380197404","poolmoney":"180328590","content":"江西1注,山东2注,湖北2注,共5注。","addmoney":"","addmoney2":"","msg":"","z2add":"","m2add":"","prizegrades":[{"type":1,"typenum":"5","typemoney":"8502830"},{"type":2,"typenum":"70","typemoney":"375303"},{"type":3,"typenum":"1110","typemoney":"3000"},{"type":4,"typenum":"61522","typemoney":"200"},{"type":5,"typenum":"1235786","typemoney":"10"},{"type":6,"typenum":"14146739","typemoney":"5"},{"type":7,"typenum":"","typemoney":""}]},{"name":"双色球","code":"2013104","detailsLink":"/c/2013-09-05/383315.shtml","videoLink":"","date":"2013-09-05(四)","week":"四","red":"01,02,04,15,17,28","blue":"11","blue2":"","sales":"339771188","poolmoney":"161543208","content":"山东1注,广东1注,云南1注,新疆1注,共4注。","addmoney":"","addmoney2":"","msg":"","z2add":"","m2add":"","prizegrades":[{"type":1,"typenum":"4","typemoney":"10000000"},{"type":2,"typenum":"88","typemoney":"351414"},{"type":3,"typenum":"1058","typemoney":"3000"},{"type":4,"typenum":"48823","typemoney":"200"},{"type":5,"typenum":"1009239","typemoney":"10"},{"type":6,"typenum":"8075046","typemoney":"5"},{"type":7,"typenum":"","typemoney":""}]},{"name":"双色球","code":"2013103","detailsLink":"/c/2013-09-03/383309.shtml","videoLink":"","date":"2013-09-03(二)","week":"二","red":"02,04,09,13,18,20","blue":"07","blue2":"","sales":"329389008","poolmoney":"129386045","content":"北京1注,江西1注,四川1注,贵州1注,甘肃1注,共5注。","addmoney":"","addmoney2":"","msg":"","z2add":"","m2add":"","prizegrades":[{"type":1,"typenum":"5","typemoney":"8329891"},{"type":2,"typenum":"111","typemoney":"224992"},{"type":3,"typenum":"1690","typemoney":"3000"},{"type":4,"typenum":"76794","typemoney":"200"},{"type":5,"typenum":"1316946","typemoney":"10"},{"type":6,"typenum":"8911014","typemoney":"5"},{"type":7,"typenum":"","typemoney":""}]},{"name":"双色球","code":"2013102","detailsLink":"/c/2013-09-01/383301.shtml","videoLink":"","date":"2013-09-01(日)","week":"日","red":"02,04,05,06,08,16","blue":"03","blue2":"","sales":"374113680","poolmoney":"112762404","content":"河北1注,上海1注,浙江1注,江西2注,山东1注,河南3注,湖北1注,广东1注,深圳1注,共12注。","addmoney":"","addmoney2":"","msg":"","z2add":"","m2add":"","prizegrades":[{"type":1,"typenum":"12","typemoney":"6847743"},{"type":2,"typenum":"142","typemoney":"234220"},{"type":3,"typenum":"1349","typemoney":"3000"},{"type":4,"typenum":"70464","typemoney":"200"},{"type":5,"typenum":"1348291","typemoney":"10"},{"type":6,"typenum":"8165680","typemoney":"5"},{"type":7,"typenum":"","typemoney":""}]},{"name":"双色球","code":"2013101","detailsLink":"/c/2013-08-29/383298.shtml","videoLink":"","date":"2013-08-29(四)","week":"四","red":"05,07,09,23,27,32","blue":"01","blue2":"","sales":"339246710","poolmoney":"117330108","content":"河南1注,广西1注,四川1注,西藏1注,共4注。","addmoney":"","addmoney2":"","msg":"","z2add":"","m2add":"","prizegrades":[{"type":1,"typenum":"4","typemoney":"7726709"},{"type":2,"typenum":"83","typemoney":"197111"},{"type":3,"typenum":"1978","typemoney":"3000"},{"type":4,"typenum":"97652","typemoney":"200"},{"type":5,"typenum":"1717004","typemoney":"10"},{"type":6,"typenum":"13812450","typemoney":"5"},{"type":7,"typenum":"","typemoney":""}]},{"name":"双色球","code":"2013100","detailsLink":"/c/2013-08-27/383289.shtml","videoLink":"","date":"2013-08-27(二)","week":"二","red":"04,08,11,14,16,20","blue":"11","blue2":"","sales":"324850520","poolmoney":"110063013","content":"共0注。","addmoney":"","addmoney2":"","msg":"","z2add":"","m2add":"","prizegrades":[{"type":1,"typenum":"0","typemoney":"0"},{"type":2,"typenum":"61","typemoney":"370237"},{"type":3,"typenum":"1244","typemoney":"3000"},{"type":4,"typenum":"65430","typemoney":"200"},{"type":5,"typenum":"1243865","typemoney":"10"},{"type":6,"typenum":"10927686","typemoney":"5"},{"type":7,"typenum":"","typemoney":""}]},{"name":"双色球","code":"2013099","detailsLink":"/c/2013-08-25/383280.shtml","videoLink":"","date":"2013-08-25(日)","week":"日","red":"05,11,20,21,26,31","blue":"03","blue2":"","sales":"359490506","poolmoney":"57365841","content":"河北1注,黑龙江1注,浙江1注,安徽1注,山东2注,广西2注,贵州1注,深圳4注,共13注。","addmoney":"","addmoney2":"","msg":"","z2add":"","m2add":"","prizegrades":[{"type":1,"typenum":"13","typemoney":"5000000"},{"type":2,"typenum":"173","typemoney":"150911"},{"type":3,"typenum":"1689","typemoney":"3000"},{"type":4,"typenum":"75709","typemoney":"200"},{"type":5,"typenum":"1289550","typemoney":"10"},{"type":6,"typenum":"11204059","typemoney":"5"},{"type":7,"typenum":"","typemoney":""}]},{"name":"双色球","code":"2013098","detailsLink":"/c/2013-08-22/383279.shtml","videoLink":"","date":"2013-08-22(四)","week":"四","red":"07,15,18,19,20,26","blue":"14","blue2":"","sales":"333979300","poolmoney":"61447820","content":"河北2注,黑龙江2注,江苏1注,安徽2注,福建3注,江西1注,山东2注,重庆1注,河南2注,湖南2注,广西5注,云南2注,陕西1注,宁夏1注,新疆1注,共28注。","addmoney":"","addmoney2":"","msg":"","z2add":"","m2add":"","prizegrades":[{"type":1,"typenum":"28","typemoney":"5506770"},{"type":2,"typenum":"291","typemoney":"73142"},{"type":3,"typenum":"3950","typemoney":"3000"},{"type":4,"typenum":"123020","typemoney":"200"},{"type":5,"typenum":"1748414","typemoney":"10"},{"type":6,"typenum":"7752782","typemoney":"5"},{"type":7,"typenum":"","typemoney":""}]},{"name":"双色球","code":"2013097","detailsLink":"/c/2013-08-20/383269.shtml","videoLink":"","date":"2013-08-20(二)","week":"二","red":"05,14,17,22,23,25","blue":"07","blue2":"","sales":"326153582","poolmoney":"165973926","content":"山西1注,湖北1注,广东1注,共3注。","addmoney":"","addmoney2":"","msg":"","z2add":"","m2add":"","prizegrades":[{"type":1,"typenum":"3","typemoney":"10000000"},{"type":2,"typenum":"152","typemoney":"175954"},{"type":3,"typenum":"1159","typemoney":"3000"},{"type":4,"typenum":"63714","typemoney":"200"},{"type":5,"typenum":"1204032","typemoney":"10"},{"type":6,"typenum":"8480960","typemoney":"5"},{"type":7,"typenum":"","typemoney":""}]},{"name":"双色球","code":"2013096","detailsLink":"/c/2013-08-18/383243.shtml","videoLink":"","date":"2013-08-18(日)","week":"日","red":"01,02,22,28,29,30","blue":"15","blue2":"","sales":"364530978","poolmoney":"133568694","content":"河北2注,浙江1注,山东1注,重庆1注,广东2注,云南1注,深圳1注,共9注。","addmoney":"","addmoney2":"","msg":"","z2add":"","m2add":"","prizegrades":[{"type":1,"typenum":"9","typemoney":"7504350"},{"type":2,"typenum":"112","typemoney":"301863"},{"type":3,"typenum":"943","typemoney":"3000"},{"type":4,"typenum":"49363","typemoney":"200"},{"type":5,"typenum":"971581","typemoney":"10"},{"type":6,"typenum":"8701402","typemoney":"5"},{"type":7,"typenum":"","typemoney":""}]},{"name":"双色球","code":"2013095","detailsLink":"/c/2013-08-15/383238.shtml","videoLink":"","date":"2013-08-15(四)","week":"四","red":"01,06,15,19,28,29","blue":"10","blue2":"","sales":"321839422","poolmoney":"122220820","content":"内蒙古1注,安徽1注,重庆1注,湖南1注,四川1注,共5注。","addmoney":"","addmoney2":"","msg":"","z2add":"","m2add":"","prizegrades":[{"type":1,"typenum":"5","typemoney":"5000000"},{"type":2,"typenum":"144","typemoney":"183210"},{"type":3,"typenum":"1352","typemoney":"3000"},{"type":4,"typenum":"67207","typemoney":"200"},{"type":5,"typenum":"1283571","typemoney":"10"},{"type":6,"typenum":"7885465","typemoney":"5"},{"type":7,"typenum":"","typemoney":""}]},{"name":"双色球","code":"2013094","detailsLink":"/c/2013-08-13/383211.shtml","videoLink":"","date":"2013-08-13(二)","week":"二","red":"02,04,14,18,20,22","blue":"07","blue2":"","sales":"320217972","poolmoney":"85662203","content":"河北1注,辽宁1注,上海1注,江苏1注,浙江1注,河南1注,广东2注,贵州1注,云南1注,甘肃1注,共11注。","addmoney":"","addmoney2":"","msg":"","z2add":"","m2add":"","prizegrades":[{"type":1,"typenum":"11","typemoney":"5984697"},{"type":2,"typenum":"113","typemoney":"143783"},{"type":3,"typenum":"1354","typemoney":"3000"},{"type":4,"typenum":"64875","typemoney":"200"},{"type":5,"typenum":"1190550","typemoney":"10"},{"type":6,"typenum":"14761186","typemoney":"5"},{"type":7,"typenum":"","typemoney":""}]},{"name":"双色球","code":"2013093","detailsLink":"/c/2013-08-11/383210.shtml","videoLink":"","date":"2013-08-11(日)","week":"日","red":"01,02,08,26,29,31","blue":"14","blue2":"","sales":"345826922","poolmoney":"113583018","content":"江西1注,山东1注,共2注。","addmoney":"","addmoney2":"","msg":"","z2add":"","m2add":"","prizegrades":[{"type":1,"typenum":"2","typemoney":"5000000"},{"type":2,"typenum":"111","typemoney":"325606"},{"type":3,"typenum":"719","typemoney":"3000"},{"type":4,"typenum":"39473","typemoney":"200"},{"type":5,"typenum":"893517","typemoney":"10"},{"type":6,"typenum":"5998790","typemoney":"5"},{"type":7,"typenum":"","typemoney":""}]},{"name":"双色球","code":"2013092","detailsLink":"/c/2013-08-08/383209.shtml","videoLink":"","date":"2013-08-08(四)","week":"四","red":"07,11,15,21,26,31","blue":"06","blue2":"","sales":"311052518","poolmoney":"39250888","content":"辽宁1注,黑龙江1注,湖北2注,广东1注,贵州1注,陕西2注,共8注。","addmoney":"","addmoney2":"","msg":"","z2add":"","m2add":"","prizegrades":[{"type":1,"typenum":"8","typemoney":"5000000"},{"type":2,"typenum":"103","typemoney":"204927"},{"type":3,"typenum":"1368","typemoney":"3000"},{"type":4,"typenum":"66733","typemoney":"200"},{"type":5,"typenum":"1158839","typemoney":"10"},{"type":6,"typenum":"10603666","typemoney":"5"},{"type":7,"typenum":"","typemoney":""}]},{"name":"双色球","code":"2013091","detailsLink":"/c/2013-08-06/383208.shtml","videoLink":"","date":"2013-08-06(二)","week":"二","red":"04,14,24,25,28,31","blue":"10","blue2":"","sales":"308670790","poolmoney":"30000000","content":"江苏1注,广东1注,贵州19注,青海1注,共22注。","addmoney":"","addmoney2":"","msg":"中彩中心决定：从双色球调节基金拨出30000000元，注入第2013092期奖池，第2013092期奖池资金原为：0元,累计金额为：30000000元。","z2add":"","m2add":"","prizegrades":[{"type":1,"typenum":"22","typemoney":"3362188"},{"type":2,"typenum":"61","typemoney":"308909"},{"type":3,"typenum":"1316","typemoney":"3000"},{"type":4,"typenum":"63680","typemoney":"200"},{"type":5,"typenum":"1110064","typemoney":"10"},{"type":6,"typenum":"12130481","typemoney":"5"},{"type":7,"typenum":"","typemoney":""}]},{"name":"双色球","code":"2013090","detailsLink":"/c/2013-08-04/383206.shtml","videoLink":"","date":"2013-08-04(日)","week":"日","red":"02,05,11,23,24,29","blue":"08","blue2":"","sales":"372773264","poolmoney":"30000000","content":"北京1注,天津1注,江苏26注,浙江1注,江西5注,山东1注,重庆1注,河南1注,湖南3注,广东1注,广西1注,西藏1注,陕西1注,青海1注,深圳1注,共46注。","addmoney":"","addmoney2":"","msg":"中彩中心决定：从双色球调节基金拨出30000000元，注入第2013091期奖池，第2013091期奖池资金原为：0元,累计金额为：30000000元。","z2add":"","m2add":"","prizegrades":[{"type":1,"typenum":"46","typemoney":"3882974"},{"type":2,"typenum":"154","typemoney":"13183"},{"type":3,"typenum":"4037","typemoney":"3000"},{"type":4,"typenum":"149248","typemoney":"200"},{"type":5,"typenum":"2151206","typemoney":"10"},{"type":6,"typenum":"22483763","typemoney":"5"},{"type":7,"typenum":"","typemoney":""}]},{"name":"双色球","code":"2013089","detailsLink":"/c/2013-08-01/383205.shtml","videoLink":"","date":"2013-08-01(四)","week":"四","red":"04,08,12,19,21,25","blue":"13","blue2":"","sales":"337088774","poolmoney":"173879650","content":"河北2注,江苏2注,浙江1注,福建2注,山东1注,重庆1注,湖南1注,四川3注,陕西1注,共14注。","addmoney":"","addmoney2":"","msg":"","z2add":"","m2add":"","prizegrades":[{"type":1,"typenum":"14","typemoney":"6155652"},{"type":2,"typenum":"210","typemoney":"115565"},{"type":3,"typenum":"2273","typemoney":"3000"},{"type":4,"typenum":"88036","typemoney":"200"},{"type":5,"typenum":"1503399","typemoney":"10"},{"type":6,"typenum":"8963528","typemoney":"5"},{"type":7,"typenum":"","typemoney":""}]},{"name":"双色球","code":"2013088","detailsLink":"/c/2013-07-30/383171.shtml","videoLink":"","date":"2013-07-30(二)","week":"二","red":"09,15,20,21,22,24","blue":"14","blue2":"","sales":"332225112","poolmoney":"203431818","content":"辽宁1注,安徽1注,山东1注,共3注。","addmoney":"","addmoney2":"","msg":"","z2add":"","m2add":"","prizegrades":[{"type":1,"typenum":"3","typemoney":"10000000"},{"type":2,"typenum":"119","typemoney":"265091"},{"type":3,"typenum":"830","typemoney":"3000"},{"type":4,"typenum":"51312","typemoney":"200"},{"type":5,"typenum":"1073094","typemoney":"10"},{"type":6,"typenum":"6830826","typemoney":"5"},{"type":7,"typenum":"","typemoney":""}]},{"name":"双色球","code":"2013087","detailsLink":"/c/2013-07-28/383170.shtml","videoLink":"","date":"2013-07-28(日)","week":"日","red":"02,13,19,23,24,28","blue":"05","blue2":"","sales":"364306204","poolmoney":"159824838","content":"上海1注,江西1注,湖南1注,广西1注,云南1注,甘肃1注,共6注。","addmoney":"","addmoney2":"","msg":"","z2add":"","m2add":"","prizegrades":[{"type":1,"typenum":"6","typemoney":"7813525"},{"type":2,"typenum":"121","typemoney":"209270"},{"type":3,"typenum":"1602","typemoney":"3000"},{"type":4,"typenum":"80264","typemoney":"200"},{"type":5,"typenum":"1405965","typemoney":"10"},{"type":6,"typenum":"11837166","typemoney":"5"},{"type":7,"typenum":"","typemoney":""}]},{"name":"双色球","code":"2013086","detailsLink":"/c/2013-07-25/383169.shtml","videoLink":"","date":"2013-07-25(四)","week":"四","red":"02,04,11,13,16,26","blue":"11","blue2":"","sales":"326453274","poolmoney":"147621963","content":"浙江1注,福建1注,江西1注,共3注。","addmoney":"","addmoney2":"","msg":"","z2add":"","m2add":"","prizegrades":[{"type":1,"typenum":"3","typemoney":"10000000"},{"type":2,"typenum":"80","typemoney":"311029"},{"type":3,"typenum":"1098","typemoney":"3000"},{"type":4,"typenum":"54996","typemoney":"200"},{"type":5,"typenum":"1090702","typemoney":"10"},{"type":6,"typenum":"10364128","typemoney":"5"},{"type":7,"typenum":"","typemoney":""}]},{"name":"双色球","code":"2013085","detailsLink":"/c/2013-07-23/383168.shtml","videoLink":"","date":"2013-07-23(二)","week":"二","red":"02,08,12,14,16,32","blue":"16","blue2":"","sales":"330145456","poolmoney":"119563094","content":"山西1注,内蒙古1注,湖南1注,广东1注,青海1注,深圳2注,共7注。","addmoney":"","addmoney2":"","msg":"","z2add":"","m2add":"","prizegrades":[{"type":1,"typenum":"7","typemoney":"8042847"},{"type":2,"typenum":"135","typemoney":"236665"},{"type":3,"typenum":"935","typemoney":"3000"},{"type":4,"typenum":"53773","typemoney":"200"},{"type":5,"typenum":"1122477","typemoney":"10"},{"type":6,"typenum":"6097445","typemoney":"5"},{"type":7,"typenum":"","typemoney":""}]},{"name":"双色球","code":"2013084","detailsLink":"/c/2013-07-21/383167.shtml","videoLink":"","date":"2013-07-21(日)","week":"日","red":"05,07,09,11,20,21","blue":"03","blue2":"","sales":"373588034","poolmoney":"101313260","content":"北京2注,河北1注,黑龙江1注,江苏1注,山东1注,重庆1注,广东1注,陕西2注,共10注。","addmoney":"","addmoney2":"","msg":"","z2add":"","m2add":"","prizegrades":[{"type":1,"typenum":"10","typemoney":"6976187"},{"type":2,"typenum":"136","typemoney":"217961"},{"type":3,"typenum":"1861","typemoney":"3000"},{"type":4,"typenum":"88845","typemoney":"200"},{"type":5,"typenum":"1586008","typemoney":"10"},{"type":6,"typenum":"9007333","typemoney":"5"},{"type":7,"typenum":"","typemoney":""}]},{"name":"双色球","code":"2013083","detailsLink":"/c/2013-07-18/383060.shtml","videoLink":"","date":"2013-07-18(四)","week":"四","red":"05,06,12,14,19,23","blue":"09","blue2":"","sales":"338036388","poolmoney":"101908566","content":"山西1注,辽宁1注,上海2注,浙江1注,江西2注,重庆1注,河南1注,湖北1注,湖南1注,贵州1注,云南1注,陕西2注,新疆2注,深圳1注,共18注。","addmoney":"","addmoney2":"","msg":"","z2add":"","m2add":"","prizegrades":[{"type":1,"typenum":"18","typemoney":"5326203"},{"type":2,"typenum":"225","typemoney":"39144"},{"type":3,"typenum":"4408","typemoney":"3000"},{"type":4,"typenum":"159499","typemoney":"200"},{"type":5,"typenum":"2109179","typemoney":"10"},{"type":6,"typenum":"14012784","typemoney":"5"},{"type":7,"typenum":"","typemoney":""}]},{"name":"双色球","code":"2013082","detailsLink":"/c/2013-07-16/383059.shtml","videoLink":"","date":"2013-07-16(二)","week":"二","red":"04,13,14,20,22,30","blue":"06","blue2":"","sales":"326611872","poolmoney":"177229420","content":"北京1注,内蒙古1注,江西2注,广西1注,共5注。","addmoney":"","addmoney2":"","msg":"","z2add":"","m2add":"","prizegrades":[{"type":1,"typenum":"5","typemoney":"8012017"},{"type":2,"typenum":"178","typemoney":"126910"},{"type":3,"typenum":"1704","typemoney":"3000"},{"type":4,"typenum":"83829","typemoney":"200"},{"type":5,"typenum":"1484654","typemoney":"10"},{"type":6,"typenum":"9603007","typemoney":"5"},{"type":7,"typenum":"","typemoney":""}]},{"name":"双色球","code":"2013081","detailsLink":"/c/2013-07-14/383058.shtml","videoLink":"","date":"2013-07-14(日)","week":"日","red":"01,04,10,13,21,31","blue":"13","blue2":"","sales":"359745012","poolmoney":"164579200","content":"江苏1注,浙江1注,湖北1注,广东1注,共4注。","addmoney":"","addmoney2":"","msg":"","z2add":"","m2add":"","prizegrades":[{"type":1,"typenum":"4","typemoney":"10000000"},{"type":2,"typenum":"122","typemoney":"273751"},{"type":3,"typenum":"1116","typemoney":"3000"},{"type":4,"typenum":"62494","typemoney":"200"},{"type":5,"typenum":"1295456","typemoney":"10"},{"type":6,"typenum":"7229622","typemoney":"5"},{"type":7,"typenum":"","typemoney":""}]},{"name":"双色球","code":"2013080","detailsLink":"/c/2013-07-11/383057.shtml","videoLink":"","date":"2013-07-11(四)","week":"四","red":"10,11,12,23,28,32","blue":"16","blue2":"","sales":"327918824","poolmoney":"126651295","content":"辽宁1注,浙江1注,江西1注,河南2注,共5注。","addmoney":"","addmoney2":"","msg":"","z2add":"","m2add":"","prizegrades":[{"type":1,"typenum":"5","typemoney":"8444709"},{"type":2,"typenum":"103","typemoney":"250828"},{"type":3,"typenum":"1512","typemoney":"3000"},{"type":4,"typenum":"73261","typemoney":"200"},{"type":5,"typenum":"1305619","typemoney":"10"},{"type":6,"typenum":"8463619","typemoney":"5"},{"type":7,"typenum":"","typemoney":""}]},{"name":"双色球","code":"2013079","detailsLink":"/c/2013-07-09/383056.shtml","videoLink":"","date":"2013-07-09(二)","week":"二","red":"07,13,17,19,22,26","blue":"13","blue2":"","sales":"320512624","poolmoney":"108592428","content":"内蒙古1注,吉林1注,黑龙江1注,浙江2注,江西1注,山东2注,湖北1注,广东1注,贵州1注,新疆1注,共12注。","addmoney":"","addmoney2":"","msg":"","z2add":"","m2add":"","prizegrades":[{"type":1,"typenum":"12","typemoney":"6446471"},{"type":2,"typenum":"102","typemoney":"255259"},{"type":3,"typenum":"1192","typemoney":"3000"},{"type":4,"typenum":"67130","typemoney":"200"},{"type":5,"typenum":"1265622","typemoney":"10"},{"type":6,"typenum":"8120933","typemoney":"5"},{"type":7,"typenum":"","typemoney":""}]},{"name":"双色球","code":"2013078","detailsLink":"/c/2013-07-07/383055.shtml","videoLink":"","date":"2013-07-07(日)","week":"日","red":"03,05,17,18,26,27","blue":"15","blue2":"","sales":"355637236","poolmoney":"125198288","content":"北京1注,辽宁1注,浙江1注,福建1注,江西1注,山东1注,广西1注,四川1注,共8注。","addmoney":"","addmoney2":"","msg":"","z2add":"","m2add":"","prizegrades":[{"type":1,"typenum":"8","typemoney":"5000000"},{"type":2,"typenum":"223","typemoney":"143305"},{"type":3,"typenum":"1481","typemoney":"3000"},{"type":4,"typenum":"75201","typemoney":"200"},{"type":5,"typenum":"1477667","typemoney":"10"},{"type":6,"typenum":"6695776","typemoney":"5"},{"type":7,"typenum":"","typemoney":""}]},{"name":"双色球","code":"2013077","detailsLink":"/c/2013-07-04/383006.shtml","videoLink":"","date":"2013-07-04(四)","week":"四","red":"09,14,23,24,26,29","blue":"03","blue2":"","sales":"333114166","poolmoney":"90631848","content":"北京1注,天津1注,河北1注,山西2注,内蒙古2注,吉林2注,黑龙江1注,江苏1注,浙江1注,安徽1注,福建1注,江西2注,山东2注,重庆1注,河南1注,湖北1注,广东2注,广西2注,海南1注,云南1注,陕西1注,新疆3注,共31注。","addmoney":"","addmoney2":"","msg":"","z2add":"","m2add":"","prizegrades":[{"type":1,"typenum":"31","typemoney":"5415508"},{"type":2,"typenum":"186","typemoney":"103877"},{"type":3,"typenum":"11740","typemoney":"3000"},{"type":4,"typenum":"71510","typemoney":"200"},{"type":5,"typenum":"1079027","typemoney":"10"},{"type":6,"typenum":"7701962","typemoney":"5"},{"type":7,"typenum":"","typemoney":""}]},{"name":"双色球","code":"2013076","detailsLink":"/c/2013-07-02/382862.shtml","videoLink":"","date":"2013-07-02(二)","week":"二","red":"14,23,24,26,29,30","blue":"03","blue2":"","sales":"326689120","poolmoney":"213429920","content":"辽宁1注,共1注。","addmoney":"","addmoney2":"","msg":"","z2add":"","m2add":"","prizegrades":[{"type":1,"typenum":"1","typemoney":"10000000"},{"type":2,"typenum":"43","typemoney":"750283"},{"type":3,"typenum":"568","typemoney":"3000"},{"type":4,"typenum":"39214","typemoney":"200"},{"type":5,"typenum":"923533","typemoney":"10"},{"type":6,"typenum":"6750974","typemoney":"5"},{"type":7,"typenum":"","typemoney":""}]},{"name":"双色球","code":"2013075","detailsLink":"/c/2013-06-30/382861.shtml","videoLink":"","date":"2013-06-30(日)","week":"日","red":"04,06,09,25,30,33","blue":"14","blue2":"","sales":"358276246","poolmoney":"148151453","content":"共0注。","addmoney":"","addmoney2":"","msg":"","z2add":"","m2add":"","prizegrades":[{"type":1,"typenum":"0","typemoney":"0"},{"type":2,"typenum":"47","typemoney":"656915"},{"type":3,"typenum":"1029","typemoney":"3000"},{"type":4,"typenum":"58145","typemoney":"200"},{"type":5,"typenum":"1242958","typemoney":"10"},{"type":6,"typenum":"9098609","typemoney":"5"},{"type":7,"typenum":"","typemoney":""}]},{"name":"双色球","code":"2013074","detailsLink":"/c/2013-06-27/382859.shtml","videoLink":"","date":"2013-06-27(四)","week":"四","red":"03,06,08,14,19,32","blue":"03","blue2":"","sales":"320654782","poolmoney":"76109739","content":"黑龙江1注,江西1注,广西1注,共3注。","addmoney":"","addmoney2":"","msg":"","z2add":"","m2add":"","prizegrades":[{"type":1,"typenum":"3","typemoney":"5000000"},{"type":2,"typenum":"101","typemoney":"253083"},{"type":3,"typenum":"1352","typemoney":"3000"},{"type":4,"typenum":"65055","typemoney":"200"},{"type":5,"typenum":"1246689","typemoney":"10"},{"type":6,"typenum":"8476445","typemoney":"5"},{"type":7,"typenum":"","typemoney":""}]},{"name":"双色球","code":"2013073","detailsLink":"/c/2013-06-25/382743.shtml","videoLink":"","date":"2013-06-25(二)","week":"二","red":"02,09,13,17,20,28","blue":"11","blue2":"","sales":"324559238","poolmoney":"31466432","content":"北京1注,山西4注,辽宁1注,浙江1注,山东2注,重庆1注,湖北1注,广东2注,四川2注,陕西1注,深圳3注,共19注。","addmoney":"","addmoney2":"","msg":"","z2add":"","m2add":"","prizegrades":[{"type":1,"typenum":"19","typemoney":"5000000"},{"type":2,"typenum":"185","typemoney":"99780"},{"type":3,"typenum":"2014","typemoney":"3000"},{"type":4,"typenum":"91067","typemoney":"200"},{"type":5,"typenum":"1507636","typemoney":"10"},{"type":6,"typenum":"11634158","typemoney":"5"},{"type":7,"typenum":"","typemoney":""}]},{"name":"双色球","code":"2013072","detailsLink":"/c/2013-06-23/382697.shtml","videoLink":"","date":"2013-06-23(日)","week":"日","red":"02,08,11,14,19,33","blue":"09","blue2":"","sales":"351392580","poolmoney":"83394408","content":"河北1注,广东1注,共2注。","addmoney":"","addmoney2":"","msg":"","z2add":"","m2add":"","prizegrades":[{"type":1,"typenum":"2","typemoney":"5000000"},{"type":2,"typenum":"144","typemoney":"183800"},{"type":3,"typenum":"1302","typemoney":"3000"},{"type":4,"typenum":"80365","typemoney":"200"},{"type":5,"typenum":"1599034","typemoney":"10"},{"type":6,"typenum":"9597757","typemoney":"5"},{"type":7,"typenum":"","typemoney":""}]},{"name":"双色球","code":"2013071","detailsLink":"/c/2013-06-20/382696.shtml","videoLink":"","date":"2013-06-20(四)","week":"四","red":"05,12,21,23,26,28","blue":"09","blue2":"","sales":"311914552","poolmoney":"31637441","content":"河北5注,辽宁1注,上海1注,广东1注,陕西1注,深圳2注,共11注。","addmoney":"","addmoney2":"","msg":"","z2add":"","m2add":"","prizegrades":[{"type":1,"typenum":"11","typemoney":"5000000"},{"type":2,"typenum":"173","typemoney":"70271"},{"type":3,"typenum":"2821","typemoney":"3000"},{"type":4,"typenum":"119306","typemoney":"200"},{"type":5,"typenum":"1769363","typemoney":"10"},{"type":6,"typenum":"12459464","typemoney":"5"},{"type":7,"typenum":"","typemoney":""}]},{"name":"双色球","code":"2013070","detailsLink":"/c/2013-06-18/382695.shtml","videoLink":"","date":"2013-06-18(二)","week":"二","red":"02,03,09,10,28,30","blue":"06","blue2":"","sales":"296577242","poolmoney":"58271360","content":"北京1注,吉林1注,上海1注,福建1注,江西3注,山东1注,湖南3注,广东1注,陕西1注,共13注。","addmoney":"","addmoney2":"","msg":"中彩中心决定：从双色球调节基金拨出30000000元，注入第2013071期奖池，第2013071期奖池资金原为：28271360.00元,累计金额为：58271360.00元。","z2add":"","m2add":"","prizegrades":[{"type":1,"typenum":"13","typemoney":"5000000"},{"type":2,"typenum":"152","typemoney":"178396"},{"type":3,"typenum":"1085","typemoney":"3000"},{"type":4,"typenum":"60263","typemoney":"200"},{"type":5,"typenum":"1178132","typemoney":"10"},{"type":6,"typenum":"5569252","typemoney":"5"},{"type":7,"typenum":"","typemoney":""}]},{"name":"双色球","code":"2013069","detailsLink":"/c/2013-06-16/382594.shtml","videoLink":"","date":"2013-06-16(日)","week":"日","red":"07,16,17,18,30,33","blue":"06","blue2":"","sales":"369339396","poolmoney":"30000000","content":"天津1注,河北1注,山东1注,湖北100注,广东1注,四川1注,共105注。","addmoney":"","addmoney2":"","msg":"中彩中心决定：从双色球调节基金拨出30000000元，注入第2013070期奖池，第2013070期奖池资金原为：0元,累计金额为：30000000元。","z2add":"","m2add":"","prizegrades":[{"type":1,"typenum":"105","typemoney":"2083167"},{"type":2,"typenum":"190","typemoney":"187552"},{"type":3,"typenum":"1147","typemoney":"3000"},{"type":4,"typenum":"58665","typemoney":"200"},{"type":5,"typenum":"1142808","typemoney":"10"},{"type":6,"typenum":"7118223","typemoney":"5"},{"type":7,"typenum":"","typemoney":""}]},{"name":"双色球","code":"2013068","detailsLink":"/c/2013-06-13/382798.shtml","videoLink":"","date":"2013-06-13(四)","week":"四","red":"02,07,13,20,25,27","blue":"06","blue2":"","sales":"329872238","poolmoney":"135584520","content":"安徽1注,广东5注,新疆1注,深圳3注,共10注。","addmoney":"","addmoney2":"","msg":"","z2add":"","m2add":"","prizegrades":[{"type":1,"typenum":"10","typemoney":"6912312"},{"type":2,"typenum":"203","typemoney":"141303"},{"type":3,"typenum":"1234","typemoney":"3000"},{"type":4,"typenum":"66176","typemoney":"200"},{"type":5,"typenum":"1239999","typemoney":"10"},{"type":6,"typenum":"7336919","typemoney":"5"},{"type":7,"typenum":"","typemoney":""}]},{"name":"双色球","code":"2013067","detailsLink":"/c/2013-06-11/382775.shtml","videoLink":"","date":"2013-06-11(二)","week":"二","red":"01,04,09,15,22,30","blue":"06","blue2":"","sales":"309743864","poolmoney":"137776720","content":"北京1注,山西1注,上海1注,浙江6注,江西1注,山东1注,重庆1注,河南1注,湖南1注,云南2注,共16注。","addmoney":"","addmoney2":"","msg":"","z2add":"","m2add":"","prizegrades":[{"type":1,"typenum":"16","typemoney":"5889617"},{"type":2,"typenum":"163","typemoney":"130986"},{"type":3,"typenum":"1711","typemoney":"3000"},{"type":4,"typenum":"68974","typemoney":"200"},{"type":5,"typenum":"1168530","typemoney":"10"},{"type":6,"typenum":"9998405","typemoney":"5"},{"type":7,"typenum":"","typemoney":""}]},{"name":"双色球","code":"2013066","detailsLink":"/c/2013-06-09/382787.shtml","videoLink":"","date":"2013-06-09(日)","week":"日","red":"01,03,16,17,20,32","blue":"07","blue2":"","sales":"368087166","poolmoney":"182192048","content":"北京1注,山西1注,内蒙古1注,黑龙江1注,浙江1注,广东2注,广西1注,共8注。","addmoney":"","addmoney2":"","msg":"","z2add":"","m2add":"","prizegrades":[{"type":1,"typenum":"8","typemoney":"6025818"},{"type":2,"typenum":"96","typemoney":"128227"},{"type":3,"typenum":"1512","typemoney":"3000"},{"type":4,"typenum":"83874","typemoney":"200"},{"type":5,"typenum":"1498384","typemoney":"10"},{"type":6,"typenum":"20607068","typemoney":"5"},{"type":7,"typenum":"","typemoney":""}]},{"name":"双色球","code":"2013065","detailsLink":"/c/2013-06-06/382780.shtml","videoLink":"","date":"2013-06-06(四)","week":"四","red":"07,18,19,23,29,30","blue":"02","blue2":"","sales":"334460176","poolmoney":"201675690","content":"辽宁1注,山东3注,陕西1注,共5注。","addmoney":"","addmoney2":"","msg":"","z2add":"","m2add":"","prizegrades":[{"type":1,"typenum":"5","typemoney":"9309082"},{"type":2,"typenum":"165","typemoney":"195867"},{"type":3,"typenum":"1054","typemoney":"3000"},{"type":4,"typenum":"56070","typemoney":"200"},{"type":5,"typenum":"1129552","typemoney":"10"},{"type":6,"typenum":"6097382","typemoney":"5"},{"type":7,"typenum":"","typemoney":""}]},{"name":"双色球","code":"2013064","detailsLink":"/c/2013-06-04/382776.shtml","videoLink":"","date":"2013-06-04(二)","week":"二","red":"01,09,13,22,25,32","blue":"12","blue2":"","sales":"328102052","poolmoney":"172812165","content":"北京1注,广东2注,广西1注,海南1注,共5注。","addmoney":"","addmoney2":"","msg":"","z2add":"","m2add":"","prizegrades":[{"type":1,"typenum":"5","typemoney":"9400977"},{"type":2,"typenum":"72","typemoney":"458435"},{"type":3,"typenum":"964","typemoney":"3000"},{"type":4,"typenum":"43634","typemoney":"200"},{"type":5,"typenum":"929158","typemoney":"10"},{"type":6,"typenum":"5967038","typemoney":"5"},{"type":7,"typenum":"","typemoney":""}]},{"name":"双色球","code":"2013063","detailsLink":"/c/2013-06-02/382794.shtml","videoLink":"","date":"2013-06-02(日)","week":"日","red":"10,15,18,20,23,31","blue":"12","blue2":"","sales":"354390256","poolmoney":"142799949","content":"江苏1注,江西1注,山东1注,共3注。","addmoney":"","addmoney2":"","msg":"","z2add":"","m2add":"","prizegrades":[{"type":1,"typenum":"3","typemoney":"5000000"},{"type":2,"typenum":"84","typemoney":"380751"},{"type":3,"typenum":"872","typemoney":"3000"},{"type":4,"typenum":"47992","typemoney":"200"},{"type":5,"typenum":"1020860","typemoney":"10"},{"type":6,"typenum":"8923548","typemoney":"5"},{"type":7,"typenum":"","typemoney":""}]},{"name":"双色球","code":"2013062","detailsLink":"/c/2013-05-30/384304.shtml","videoLink":"","date":"2013-05-30(四)","week":"四","red":"01,06,07,19,22,27","blue":"02","blue2":"","sales":"313979568","poolmoney":"83172610","content":"山西1注,湖北1注,共2注。","addmoney":"","addmoney2":"","msg":"","z2add":"","m2add":"","prizegrades":[{"type":1,"typenum":"2","typemoney":"5000000"},{"type":2,"typenum":"102","typemoney":"265431"},{"type":3,"typenum":"1134","typemoney":"3000"},{"type":4,"typenum":"51648","typemoney":"200"},{"type":5,"typenum":"991170","typemoney":"10"},{"type":6,"typenum":"7992020","typemoney":"5"},{"type":7,"typenum":"","typemoney":""}]},{"name":"双色球","code":"2013061","detailsLink":"/c/2013-05-28/384333.shtml","videoLink":"","date":"2013-05-28(二)","week":"二","red":"05,06,07,12,13,18","blue":"12","blue2":"","sales":"335064726","poolmoney":"30000000","content":"北京1注,河北3注,吉林5注,上海2注,江苏5注,浙江1注,安徽2注,福建1注,江西5注,山东2注,重庆1注,河南2注,湖南2注,广东1注,四川4注,云南2注,甘肃1注,宁夏1注,深圳2注,共43注。","addmoney":"","addmoney2":"","msg":"中彩中心决定：从双色球调节基金拨出30000000元，注入第2013062期奖池，第2013062期奖池资金原为：0元,累计金额为：30000000元。","z2add":"","m2add":"","prizegrades":[{"type":1,"typenum":"43","typemoney":"3509802"},{"type":2,"typenum":"830","typemoney":"20959"},{"type":3,"typenum":"3297","typemoney":"3000"},{"type":4,"typenum":"124581","typemoney":"200"},{"type":5,"typenum":"1720750","typemoney":"10"},{"type":6,"typenum":"10835575","typemoney":"5"},{"type":7,"typenum":"","typemoney":""}]},{"name":"双色球","code":"2013060","detailsLink":"/c/2013-05-26/384332.shtml","videoLink":"","date":"2013-05-26(日)","week":"日","red":"05,07,10,13,19,20","blue":"15","blue2":"","sales":"368726696","poolmoney":"110329152","content":"北京1注,江苏1注,浙江2注,安徽1注,江西1注,山东1注,青海1注,共8注。","addmoney":"","addmoney2":"","msg":"","z2add":"","m2add":"","prizegrades":[{"type":1,"typenum":"8","typemoney":"5000000"},{"type":2,"typenum":"206","typemoney":"106307"},{"type":3,"typenum":"2025","typemoney":"3000"},{"type":4,"typenum":"107207","typemoney":"200"},{"type":5,"typenum":"1838178","typemoney":"10"},{"type":6,"typenum":"12355951","typemoney":"5"},{"type":7,"typenum":"","typemoney":""}]},{"name":"双色球","code":"2013059","detailsLink":"/c/2013-05-23/384331.shtml","videoLink":"","date":"2013-05-23(四)","week":"四","red":"03,10,18,24,27,29","blue":"09","blue2":"","sales":"339381758","poolmoney":"99230450","content":"上海2注,江苏1注,浙江1注,山东2注,河南1注,湖北1注,四川1注,云南1注,深圳1注,共11注。","addmoney":"","addmoney2":"","msg":"","z2add":"","m2add":"","prizegrades":[{"type":1,"typenum":"11","typemoney":"5562668"},{"type":2,"typenum":"134","typemoney":"69283"},{"type":3,"typenum":"2713","typemoney":"3000"},{"type":4,"typenum":"113557","typemoney":"200"},{"type":5,"typenum":"1734003","typemoney":"10"},{"type":6,"typenum":"17431969","typemoney":"5"},{"type":7,"typenum":"","typemoney":""}]},{"name":"双色球","code":"2013058","detailsLink":"/c/2013-05-21/384330.shtml","videoLink":"","date":"2013-05-21(二)","week":"二","red":"08,11,17,21,23,24","blue":"05","blue2":"","sales":"338075776","poolmoney":"138757060","content":"北京10注,辽宁1注,浙江1注,江西1注,共13注。","addmoney":"","addmoney2":"","msg":"","z2add":"","m2add":"","prizegrades":[{"type":1,"typenum":"13","typemoney":"6573318"},{"type":2,"typenum":"243","typemoney":"126253"},{"type":3,"typenum":"1130","typemoney":"3000"},{"type":4,"typenum":"66539","typemoney":"200"},{"type":5,"typenum":"1319685","typemoney":"10"},{"type":6,"typenum":"6699351","typemoney":"5"},{"type":7,"typenum":"","typemoney":""}]},{"name":"双色球","code":"2013057","detailsLink":"/c/2013-05-19/384329.shtml","videoLink":"","date":"2013-05-19(日)","week":"日","red":"13,16,19,23,26,28","blue":"05","blue2":"","sales":"367207180","poolmoney":"152624208","content":"北京1注,天津1注,辽宁1注,重庆1注,河南1注,四川1注,共6注。","addmoney":"","addmoney2":"","msg":"","z2add":"","m2add":"","prizegrades":[{"type":1,"typenum":"6","typemoney":"7927462"},{"type":2,"typenum":"146","typemoney":"180460"},{"type":3,"typenum":"1613","typemoney":"3000"},{"type":4,"typenum":"67995","typemoney":"200"},{"type":5,"typenum":"1260565","typemoney":"10"},{"type":6,"typenum":"12212798","typemoney":"5"},{"type":7,"typenum":"","typemoney":""}]},{"name":"双色球","code":"2013056","detailsLink":"/c/2013-05-16/384328.shtml","videoLink":"","date":"2013-05-16(四)","week":"四","red":"03,12,25,26,28,29","blue":"16","blue2":"","sales":"330573576","poolmoney":"138712270","content":"内蒙古1注,福建1注,江西1注,湖南1注,广西1注,共5注。","addmoney":"","addmoney2":"","msg":"","z2add":"","m2add":"","prizegrades":[{"type":1,"typenum":"5","typemoney":"8816637"},{"type":2,"typenum":"88","typemoney":"325281"},{"type":3,"typenum":"1125","typemoney":"3000"},{"type":4,"typenum":"59941","typemoney":"200"},{"type":5,"typenum":"1208527","typemoney":"10"},{"type":6,"typenum":"7823330","typemoney":"5"},{"type":7,"typenum":"","typemoney":""}]},{"name":"双色球","code":"2013055","detailsLink":"/c/2013-05-14/384327.shtml","videoLink":"","date":"2013-05-14(二)","week":"二","red":"08,18,19,22,27,32","blue":"06","blue2":"","sales":"328924474","poolmoney":"116004306","content":"山西1注,广西5注,共6注。","addmoney":"","addmoney2":"","msg":"","z2add":"","m2add":"","prizegrades":[{"type":1,"typenum":"6","typemoney":"7991149"},{"type":2,"typenum":"97","typemoney":"277529"},{"type":3,"typenum":"1191","typemoney":"3000"},{"type":4,"typenum":"59313","typemoney":"200"},{"type":5,"typenum":"1126970","typemoney":"10"},{"type":6,"typenum":"8946641","typemoney":"5"},{"type":7,"typenum":"","typemoney":""}]}]}