{"state":0,"message":"查询成功","pageCount":2,"countNum":152,"Tflag":2,"result":[{"name":"双色球","code":"2014152","detailsLink":"/c/2014-12-30/389243.shtml","videoLink":"","date":"2014-12-30(二)","week":"二","red":"08,13,15,20,21,25","blue":"12","blue2":"02","sales":"403970126","poolmoney":"504014400","content":"河北1注,辽宁1注,吉林1注,上海1注,江西5注,河南1注,广东2注,共12注。","addmoney":"10000000","addmoney2":"5000000","msg":"","z2add":"8","m2add":"821953（含派奖625000）","prizegrades":[{"type":1,"typenum":"12","typemoney":"7133222（含派奖833333）"},{"type":2,"typenum":"99","typemoney":"196953"},{"type":3,"typenum":"1822","typemoney":"3000"},{"type":4,"typenum":"85032","typemoney":"200"},{"type":5,"typenum":"1566491","typemoney":"10"},{"type":6,"typenum":"16362932","typemoney":"5"},{"type":7,"typenum":"","typemoney":""}]},{"name":"双色球","code":"2014151","detailsLink":"/c/2014-12-28/389174.shtml","videoLink":"","date":"2014-12-28(日)","week":"日","red":"04,05,08,11,21,27","blue":"08","blue2":"01","sales":"436728282","poolmoney":"521118039","content":"天津1注,河北2注,吉林1注,江苏2注,浙江2注,山东1注,重庆1注,广东1注,广西2注,共13注。","addmoney":"10000000","addmoney2":"5000000","msg":"","z2add":"4","m2add":"1317475（含派奖1250000）","prizegrades":[{"type":1,"typenum":"13","typemoney":"6578931（含派奖769230）"},{"type":2,"typenum":"195","typemoney":"67475"},{"type":3,"typenum":"4428","typemoney":"3000"},{"type":4,"typenum":"178213","typemoney":"200"},{"type":5,"typenum":"2621748","typemoney":"10"},{"type":6,"typenum":"17244436","typemoney":"5"},{"type":7,"typenum":"","typemoney":""}]},{"name":"双色球","code":"2014150","detailsLink":"/c/2014-12-25/389122.shtml","videoLink":"","date":"2014-12-25(四)","week":"四","red":"03,08,14,22,24,32","blue":"09","blue2":"14","sales":"393965122","poolmoney":"557171217","content":"山西1注,内蒙古1注,辽宁1注,上海1注,安徽1注,山东1注,河南1注,湖南1注,陕西1注,共9注。","addmoney":"10000000","addmoney2":"5000000","msg":"","z2add":"5","m2add":"1112222（含派奖1000000）","prizegrades":[{"type":1,"typenum":"9","typemoney":"7717144（含派奖1111111）"},{"type":2,"typenum":"161","typemoney":"112222"},{"type":3,"typenum":"2594","typemoney":"3000"},{"type":4,"typenum":"117832","typemoney":"200"},{"type":5,"typenum":"1932583","typemoney":"10"},{"type":6,"typenum":"14019433","typemoney":"5"},{"type":7,"typenum":"","typemoney":""}]},{"name":"双色球","code":"2014149","detailsLink":"/c/2014-12-23/389007.shtml","videoLink":"","date":"2014-12-23(二)","week":"二","red":"07,09,10,15,19,33","blue":"01","blue2":"05","sales":"386664128","poolmoney":"562421886","content":"上海2注,共2注。","addmoney":"10000000","addmoney2":"5000000","msg":"","z2add":"5","m2add":"1222360（含派奖1000000）","prizegrades":[{"type":1,"typenum":"2","typemoney":"15000000（含派奖5000000）"},{"type":2,"typenum":"154","typemoney":"222360"},{"type":3,"typenum":"871","typemoney":"3000"},{"type":4,"typenum":"52445","typemoney":"200"},{"type":5,"typenum":"1180049","typemoney":"10"},{"type":6,"typenum":"5517832","typemoney":"5"},{"type":7,"typenum":"","typemoney":""}]},{"name":"双色球","code":"2014148","detailsLink":"/c/2014-12-21/388905.shtml","videoLink":"","date":"2014-12-21(日)","week":"日","red":"01,02,05,12,15,16","blue":"13","blue2":"01","sales":"425097618","poolmoney":"479691558","content":"河北2注,吉林1注,上海1注,江西1注,广东1注,广西1注,四川1注,新疆1注,共9注。","addmoney":"10000000","addmoney2":"5000000","msg":"","z2add":"3","m2add":"1886553（含派奖1666666）","prizegrades":[{"type":1,"typenum":"9","typemoney":"8710675（含派奖1111111）"},{"type":2,"typenum":"133","typemoney":"219887"},{"type":3,"typenum":"1178","typemoney":"3000"},{"type":4,"typenum":"69058","typemoney":"200"},{"type":5,"typenum":"1412144","typemoney":"10"},{"type":6,"typenum":"11970079","typemoney":"5"},{"type":7,"typenum":"","typemoney":""}]},{"name":"双色球","code":"2014147","detailsLink":"/c/2014-12-18/388829.shtml","videoLink":"","date":"2014-12-18(四)","week":"四","red":"06,07,22,26,31,32","blue":"10","blue2":"07","sales":"385071740","poolmoney":"460352344","content":"内蒙古1注,湖北1注,广东1注,广西1注,共4注。","addmoney":"10000000","addmoney2":"5000000","msg":"","z2add":"8","m2add":"879943（含派奖625000）","prizegrades":[{"type":1,"typenum":"4","typemoney":"12241950（含派奖2500000）"},{"type":2,"typenum":"93","typemoney":"254943"},{"type":3,"typenum":"1276","typemoney":"3000"},{"type":4,"typenum":"69227","typemoney":"200"},{"type":5,"typenum":"1305569","typemoney":"10"},{"type":6,"typenum":"12623410","typemoney":"5"},{"type":7,"typenum":"","typemoney":""}]},{"name":"双色球","code":"2014146","detailsLink":"/c/2014-12-16/388783.shtml","videoLink":"","date":"2014-12-16(二)","week":"二","red":"01,06,13,20,29,32","blue":"01","blue2":"02","sales":"383982986","poolmoney":"428190888","content":"内蒙古1注,上海2注,共3注。","addmoney":"10000000","addmoney2":"5000000","msg":"","z2add":"6","m2add":"1162680（含派奖833333）","prizegrades":[{"type":1,"typenum":"3","typemoney":"13333333（含派奖3333333）"},{"type":2,"typenum":"100","typemoney":"329347"},{"type":3,"typenum":"771","typemoney":"3000"},{"type":4,"typenum":"46420","typemoney":"200"},{"type":5,"typenum":"993402","typemoney":"10"},{"type":6,"typenum":"6976346","typemoney":"5"},{"type":7,"typenum":"","typemoney":""}]},{"name":"双色球","code":"2014145","detailsLink":"/c/2014-12-14/388724.shtml","videoLink":"","date":"2014-12-14(日)","week":"日","red":"10,12,13,23,26,29","blue":"11","blue2":"13","sales":"428104998","poolmoney":"359386704","content":"北京1注,辽宁2注,江苏1注,山东1注,湖南1注,广东2注,四川1注,共9注。","addmoney":"10000000","addmoney2":"5000000","msg":"幸运蓝球号码：13，本期幸运二等奖11注，单注中奖金额627797元（含派奖454545元），下期二等奖派奖金额5000000元。","z2add":"11","m2add":"627797（含派奖454545）","prizegrades":[{"type":1,"typenum":"9","typemoney":"8297945（含派奖1111111）"},{"type":2,"typenum":"142","typemoney":"173252"},{"type":3,"typenum":"1901","typemoney":"3000"},{"type":4,"typenum":"91602","typemoney":"200"},{"type":5,"typenum":"1593604","typemoney":"10"},{"type":6,"typenum":"14280889","typemoney":"5"},{"type":7,"typenum":"","typemoney":""}]},{"name":"双色球","code":"2014144","detailsLink":"/c/2014-12-12/388677.shtml","videoLink":"","date":"2014-12-11(四)","week":"四","red":"03,05,06,09,10,27","blue":"14","blue2":"15","sales":"379438954","poolmoney":"350262546","content":"河北1注,浙江1注,山东1注,湖南2注,深圳1注,共6注。","addmoney":"10000000","addmoney2":"5000000","msg":"幸运蓝球号码：15，本期幸运二等奖16注，单注中奖金额448192元（含派奖312500元），下期二等奖派奖金额5000000元。","z2add":"16","m2add":"448192（含派奖312500）","prizegrades":[{"type":1,"typenum":"6","typemoney":"10122305（含派奖1666666）"},{"type":2,"typenum":"191","typemoney":"135692"},{"type":3,"typenum":"1394","typemoney":"3000"},{"type":4,"typenum":"81349","typemoney":"200"},{"type":5,"typenum":"1633184","typemoney":"10"},{"type":6,"typenum":"9094454","typemoney":"5"},{"type":7,"typenum":"","typemoney":""}]},{"name":"双色球","code":"2014143","detailsLink":"/c/2014-12-09/388596.shtml","videoLink":"","date":"2014-12-09(二)","week":"二","red":"03,12,18,20,25,26","blue":"16","blue2":"","sales":"375707362","poolmoney":"323244502","content":"北京5注,山西6注,吉林1注,海南1注,四川1注,共14注。","addmoney":"10000000","addmoney2":"","msg":"","z2add":"","m2add":"","prizegrades":[{"type":1,"typenum":"14","typemoney":"6998852（含加奖714285）"},{"type":2,"typenum":"197","typemoney":"114111"},{"type":3,"typenum":"2460","typemoney":"3000"},{"type":4,"typenum":"105256","typemoney":"200"},{"type":5,"typenum":"1811385","typemoney":"10"},{"type":6,"typenum":"9526373","typemoney":"5"},{"type":7,"typenum":"","typemoney":""}]},{"name":"双色球","code":"2014142","detailsLink":"/c/2014-12-07/388513.shtml","videoLink":"","date":"2014-12-07(日)","week":"日","red":"06,21,22,23,25,28","blue":"13","blue2":"","sales":"419262206","poolmoney":"343788680","content":"黑龙江1注,安徽1注,重庆1注,湖南1注,深圳1注,共5注。","addmoney":"10000000","addmoney2":"","msg":"","z2add":"","m2add":"","prizegrades":[{"type":1,"typenum":"5","typemoney":"12000000（含加奖2000000）"},{"type":2,"typenum":"100","typemoney":"318025"},{"type":3,"typenum":"1190","typemoney":"3000"},{"type":4,"typenum":"59760","typemoney":"200"},{"type":5,"typenum":"1262272","typemoney":"10"},{"type":6,"typenum":"10016710","typemoney":"5"},{"type":7,"typenum":"","typemoney":""}]},{"name":"双色球","code":"2014141","detailsLink":"/c/2014-12-04/388503.shtml","videoLink":"","date":"2014-12-04(四)","week":"四","red":"08,09,11,16,21,24","blue":"10","blue2":"","sales":"374573402","poolmoney":"298381028","content":"北京12注,黑龙江1注,江苏1注,浙江3注,江西2注,广东1注,西藏1注,陕西1注,共22注。","addmoney":"10000000","addmoney2":"","msg":"","z2add":"","m2add":"","prizegrades":[{"type":1,"typenum":"22","typemoney":"6335444（含加奖454545）"},{"type":2,"typenum":"168","typemoney":"144194"},{"type":3,"typenum":"1522","typemoney":"3000"},{"type":4,"typenum":"78756","typemoney":"200"},{"type":5,"typenum":"1495102","typemoney":"10"},{"type":6,"typenum":"10274750","typemoney":"5"},{"type":7,"typenum":"","typemoney":""}]},{"name":"双色球","code":"2014140","detailsLink":"/c/2014-12-02/388484.shtml","videoLink":"","date":"2014-12-02(二)","week":"二","red":"06,10,11,14,17,33","blue":"06","blue2":"","sales":"369928040","poolmoney":"355086600","content":"内蒙古1注,黑龙江1注,江苏1注,浙江1注,西藏1注,共5注。","addmoney":"10000000","addmoney2":"","msg":"","z2add":"","m2add":"","prizegrades":[{"type":1,"typenum":"5","typemoney":"9914504（含加奖2000000）"},{"type":2,"typenum":"102","typemoney":"178584"},{"type":3,"typenum":"1667","typemoney":"3000"},{"type":4,"typenum":"83750","typemoney":"200"},{"type":5,"typenum":"1465997","typemoney":"10"},{"type":6,"typenum":"14398229","typemoney":"5"},{"type":7,"typenum":"","typemoney":""}]},{"name":"双色球","code":"2014139","detailsLink":"/c/2014-11-30/388470.shtml","videoLink":"","date":"2014-11-30(日)","week":"日","red":"01,14,15,20,25,29","blue":"11","blue2":"","sales":"416872552","poolmoney":"340012160","content":"上海2注,浙江2注,重庆1注,广东2注,四川2注,陕西1注,共10注。","addmoney":"10000000","addmoney2":"","msg":"","z2add":"","m2add":"","prizegrades":[{"type":1,"typenum":"10","typemoney":"8062601（含加奖1000000）"},{"type":2,"typenum":"102","typemoney":"252769"},{"type":3,"typenum":"1412","typemoney":"3000"},{"type":4,"typenum":"78970","typemoney":"200"},{"type":5,"typenum":"1484741","typemoney":"10"},{"type":6,"typenum":"13252018","typemoney":"5"},{"type":7,"typenum":"","typemoney":""}]},{"name":"双色球","code":"2014138","detailsLink":"/c/2014-11-27/388435.shtml","videoLink":"","date":"2014-11-27(四)","week":"四","red":"04,06,13,29,31,33","blue":"13","blue2":"","sales":"379450576","poolmoney":"333290635","content":"河北1注,黑龙江1注,重庆1注,河南1注,广东1注,共5注。","addmoney":"10000000","addmoney2":"","msg":"","z2add":"","m2add":"","prizegrades":[{"type":1,"typenum":"5","typemoney":"11482317（含加奖2000000）"},{"type":2,"typenum":"126","typemoney":"222337"},{"type":3,"typenum":"1246","typemoney":"3000"},{"type":4,"typenum":"62571","typemoney":"200"},{"type":5,"typenum":"1173274","typemoney":"10"},{"type":6,"typenum":"9177581","typemoney":"5"},{"type":7,"typenum":"","typemoney":""}]},{"name":"双色球","code":"2014137","detailsLink":"/c/2014-11-25/388372.shtml","videoLink":"","date":"2014-11-25(二)","week":"二","red":"03,06,09,11,25,29","blue":"09","blue2":"","sales":"377779080","poolmoney":"296658774","content":"北京2注,天津1注,山西1注,辽宁2注,黑龙江1注,上海1注,江苏2注,浙江1注,河南2注,湖北1注,云南5注,陕西5注,宁夏1注,新疆1注,深圳1注,共27注。","addmoney":"10000000","addmoney2":"","msg":"","z2add":"","m2add":"","prizegrades":[{"type":1,"typenum":"27","typemoney":"5906822（含加奖555555）"},{"type":2,"typenum":"223","typemoney":"53162"},{"type":3,"typenum":"4268","typemoney":"3000"},{"type":4,"typenum":"153978","typemoney":"200"},{"type":5,"typenum":"2174683","typemoney":"10"},{"type":6,"typenum":"14468849","typemoney":"5"},{"type":7,"typenum":"","typemoney":""}]},{"name":"双色球","code":"2014136","detailsLink":"/c/2014-11-23/388299.shtml","videoLink":"","date":"2014-11-23(日)","week":"日","red":"03,16,19,27,31,32","blue":"10","blue2":"","sales":"419949224","poolmoney":"405577188","content":"黑龙江1注,共1注。","addmoney":"15000000","addmoney2":"","msg":"","z2add":"","m2add":"","prizegrades":[{"type":1,"typenum":"1","typemoney":"15000000（含加奖5000000）"},{"type":2,"typenum":"112","typemoney":"247269"},{"type":3,"typenum":"1520","typemoney":"3000"},{"type":4,"typenum":"83851","typemoney":"200"},{"type":5,"typenum":"1681997","typemoney":"10"},{"type":6,"typenum":"11369653","typemoney":"5"},{"type":7,"typenum":"","typemoney":""}]},{"name":"双色球","code":"2014135","detailsLink":"/c/2014-11-20/388289.shtml","videoLink":"","date":"2014-11-20(四)","week":"四","red":"02,04,11,13,25,33","blue":"01","blue2":"","sales":"380304722","poolmoney":"332494676","content":"北京1注,江苏1注,重庆1注,广东1注,共4注。","addmoney":"10000000","addmoney2":"","msg":"","z2add":"","m2add":"","prizegrades":[{"type":1,"typenum":"4","typemoney":"12500000（含加奖2500000）"},{"type":2,"typenum":"210","typemoney":"147183"},{"type":3,"typenum":"926","typemoney":"3000"},{"type":4,"typenum":"57191","typemoney":"200"},{"type":5,"typenum":"1191886","typemoney":"10"},{"type":6,"typenum":"7316105","typemoney":"5"},{"type":7,"typenum":"","typemoney":""}]},{"name":"双色球","code":"2014134","detailsLink":"/c/2014-11-18/388262.shtml","videoLink":"","date":"2014-11-18(二)","week":"二","red":"05,16,22,23,26,28","blue":"02","blue2":"","sales":"374813426","poolmoney":"279769385","content":"山西1注,江苏1注,山东1注,重庆1注,湖北1注,陕西1注,深圳1注,共7注。","addmoney":"10000000","addmoney2":"","msg":"","z2add":"","m2add":"","prizegrades":[{"type":1,"typenum":"7","typemoney":"10031378（含加奖1428571）"},{"type":2,"typenum":"124","typemoney":"254230"},{"type":3,"typenum":"818","typemoney":"3000"},{"type":4,"typenum":"49819","typemoney":"200"},{"type":5,"typenum":"1031768","typemoney":"10"},{"type":6,"typenum":"6964964","typemoney":"5"},{"type":7,"typenum":"","typemoney":""}]},{"name":"双色球","code":"2014133","detailsLink":"/c/2014-11-16/388210.shtml","videoLink":"","date":"2014-11-16(日)","week":"日","red":"13,14,16,23,30,31","blue":"13","blue2":"","sales":"417287906","poolmoney":"245415332","content":"北京1注,浙江1注,江西1注,陕西1注,共4注。","addmoney":"10000000","addmoney2":"","msg":"","z2add":"","m2add":"","prizegrades":[{"type":1,"typenum":"4","typemoney":"12006712（含加奖2500000）"},{"type":2,"typenum":"125","typemoney":"180268"},{"type":3,"typenum":"1696","typemoney":"3000"},{"type":4,"typenum":"89455","typemoney":"200"},{"type":5,"typenum":"1618343","typemoney":"10"},{"type":6,"typenum":"15034880","typemoney":"5"},{"type":7,"typenum":"","typemoney":""}]},{"name":"双色球","code":"2014132","detailsLink":"/c/2014-11-13/388179.shtml","videoLink":"","date":"2014-11-13(四)","week":"四","red":"05,06,14,15,18,33","blue":"08","blue2":"","sales":"372487192","poolmoney":"215841500","content":"辽宁3注,河南1注,云南1注,共5注。","addmoney":"10000000","addmoney2":"","msg":"","z2add":"","m2add":"","prizegrades":[{"type":1,"typenum":"5","typemoney":"9132195（含加奖2000000）"},{"type":2,"typenum":"81","typemoney":"164521"},{"type":3,"typenum":"1759","typemoney":"3000"},{"type":4,"typenum":"89921","typemoney":"200"},{"type":5,"typenum":"1606910","typemoney":"10"},{"type":6,"typenum":"17976707","typemoney":"5"},{"type":7,"typenum":"","typemoney":""}]},{"name":"双色球","code":"2014131","detailsLink":"/c/2014-11-11/388170.shtml","videoLink":"","date":"2014-11-11(二)","week":"二","red":"05,17,21,22,28,32","blue":"14","blue2":"","sales":"396591384","poolmoney":"211523816","content":"北京1注,内蒙古1注,黑龙江1注,江苏1注,江西2注,云南1注,共7注。","addmoney":"10000000","addmoney2":"","msg":"","z2add":"","m2add":"","prizegrades":[{"type":1,"typenum":"7","typemoney":"10041712（含加奖1428571）"},{"type":2,"typenum":"211","typemoney":"149834"},{"type":3,"typenum":"1318","typemoney":"3000"},{"type":4,"typenum":"69165","typemoney":"200"},{"type":5,"typenum":"1338416","typemoney":"10"},{"type":6,"typenum":"7339732","typemoney":"5"},{"type":7,"typenum":"","typemoney":""}]},{"name":"双色球","code":"2014130","detailsLink":"/c/2014-11-09/388166.shtml","videoLink":"","date":"2014-11-09(日)","week":"日","red":"01,02,10,24,30,33","blue":"10","blue2":"","sales":"402591108","poolmoney":"176970840","content":"福建1注,广东1注,四川1注,共3注。","addmoney":"10000000","addmoney2":"","msg":"","z2add":"","m2add":"","prizegrades":[{"type":1,"typenum":"3","typemoney":"13333333（含加奖3333333）"},{"type":2,"typenum":"77","typemoney":"344673"},{"type":3,"typenum":"1369","typemoney":"3000"},{"type":4,"typenum":"68267","typemoney":"200"},{"type":5,"typenum":"1282919","typemoney":"10"},{"type":6,"typenum":"12104101","typemoney":"5"},{"type":7,"typenum":"","typemoney":""}]},{"name":"双色球","code":"2014129","detailsLink":"/c/2014-11-06/388161.shtml","videoLink":"","date":"2014-11-06(四)","week":"四","red":"05,08,09,20,28,32","blue":"02","blue2":"","sales":"359082268","poolmoney":"127351182","content":"河北1注,辽宁1注,浙江1注,福建1注,湖南1注,海南1注,深圳1注,共7注。","addmoney":"10000000","addmoney2":"","msg":"","z2add":"","m2add":"","prizegrades":[{"type":1,"typenum":"7","typemoney":"6428571（含加奖1428571）"},{"type":2,"typenum":"207","typemoney":"120794"},{"type":3,"typenum":"1582","typemoney":"3000"},{"type":4,"typenum":"83951","typemoney":"200"},{"type":5,"typenum":"1568779","typemoney":"10"},{"type":6,"typenum":"7741662","typemoney":"5"},{"type":7,"typenum":"","typemoney":""}]},{"name":"双色球","code":"2014128","detailsLink":"/c/2014-11-04/388140.shtml","videoLink":"","date":"2014-11-04(二)","week":"二","red":"05,07,08,17,18,24","blue":"14","blue2":"","sales":"358520804","poolmoney":"87337680","content":"辽宁1注,吉林2注,福建1注,重庆1注,河南1注,湖南1注,广西1注,贵州1注,宁夏1注,共10注。","addmoney":"10000000","addmoney2":"","msg":"","z2add":"","m2add":"","prizegrades":[{"type":1,"typenum":"10","typemoney":"6000000（含加奖1000000）"},{"type":2,"typenum":"180","typemoney":"122362"},{"type":3,"typenum":"2449","typemoney":"3000"},{"type":4,"typenum":"89210","typemoney":"200"},{"type":5,"typenum":"1631948","typemoney":"10"},{"type":6,"typenum":"9213168","typemoney":"5"},{"type":7,"typenum":"","typemoney":""}]},{"name":"双色球","code":"2014127","detailsLink":"/c/2014-11-02/388126.shtml","videoLink":"","date":"2014-11-02(日)","week":"日","red":"02,10,12,21,23,27","blue":"12","blue2":"","sales":"405427926","poolmoney":"71262030","content":"天津1注,河北1注,吉林1注,黑龙江1注,江苏1注,安徽2注,湖北1注,广东1注,贵州1注,陕西4注,深圳1注,共15注。","addmoney":"10000000","addmoney2":"","msg":"","z2add":"","m2add":"","prizegrades":[{"type":1,"typenum":"15","typemoney":"5666666（含加奖666666）"},{"type":2,"typenum":"189","typemoney":"94735"},{"type":3,"typenum":"2512","typemoney":"3000"},{"type":4,"typenum":"105324","typemoney":"200"},{"type":5,"typenum":"1773966","typemoney":"10"},{"type":6,"typenum":"16139836","typemoney":"5"},{"type":7,"typenum":"","typemoney":""}]},{"name":"双色球","code":"2014126","detailsLink":"/c/2014-10-30/388094.shtml","videoLink":"","date":"2014-10-30(四)","week":"四","red":"06,11,16,17,22,27","blue":"01","blue2":"","sales":"374635140","poolmoney":"92547000","content":"河北1注,山西6注,内蒙古2注,黑龙江1注,上海2注,江西2注,山东1注,重庆2注,河南2注,湖北1注,广东1注,四川5注,新疆2注,共28注。","addmoney":"10000000","addmoney2":"","msg":"","z2add":"","m2add":"","prizegrades":[{"type":1,"typenum":"28","typemoney":"6067086（含加奖357142）"},{"type":2,"typenum":"425","typemoney":"58466"},{"type":3,"typenum":"1854","typemoney":"3000"},{"type":4,"typenum":"84348","typemoney":"200"},{"type":5,"typenum":"1420149","typemoney":"10"},{"type":6,"typenum":"9509175","typemoney":"5"},{"type":7,"typenum":"","typemoney":""}]},{"name":"双色球","code":"2014125","detailsLink":"/c/2014-10-28/388053.shtml","videoLink":"","date":"2014-10-28(二)","week":"二","red":"10,11,15,26,31,32","blue":"06","blue2":"","sales":"369171242","poolmoney":"177881270","content":"黑龙江1注,山东1注,重庆1注,河南1注,广东1注,共5注。","addmoney":"10000000","addmoney2":"","msg":"","z2add":"","m2add":"","prizegrades":[{"type":1,"typenum":"5","typemoney":"10893985（含加奖2000000）"},{"type":2,"typenum":"84","typemoney":"289731"},{"type":3,"typenum":"1201","typemoney":"3000"},{"type":4,"typenum":"61459","typemoney":"200"},{"type":5,"typenum":"1205106","typemoney":"10"},{"type":6,"typenum":"11119681","typemoney":"5"},{"type":7,"typenum":"","typemoney":""}]},{"name":"双色球","code":"2014124","detailsLink":"/c/2014-10-13/387893.shtml","videoLink":"","date":"2014-10-26(日)","week":"日","red":"02,17,20,24,31,33","blue":"04","blue2":"","sales":"414603564","poolmoney":"149338971","content":"浙江1注,广东1注,广西1注,共3注。","addmoney":"10000000","addmoney2":"","msg":"","z2add":"","m2add":"","prizegrades":[{"type":1,"typenum":"3","typemoney":"8333333（含加奖3333333）"},{"type":2,"typenum":"72","typemoney":"452439"},{"type":3,"typenum":"949","typemoney":"3000"},{"type":4,"typenum":"52565","typemoney":"200"},{"type":5,"typenum":"1099654","typemoney":"10"},{"type":6,"typenum":"9699314","typemoney":"5"},{"type":7,"typenum":"","typemoney":""}]},{"name":"双色球","code":"2014123","detailsLink":"/c/2014-10-23/388031.shtml","videoLink":"","date":"2014-10-23(四)","week":"四","red":"01,06,11,17,28,33","blue":"05","blue2":"","sales":"374248054","poolmoney":"66611994","content":"河北4注,江苏7注,浙江2注,江西2注,重庆2注,河南2注,湖北5注,广西1注,四川5注,新疆1注,共31注。","addmoney":"","addmoney2":"","msg":"","z2add":"","m2add":"","prizegrades":[{"type":1,"typenum":"31","typemoney":"5504877"},{"type":2,"typenum":"447","typemoney":"43767"},{"type":3,"typenum":"2335","typemoney":"3000"},{"type":4,"typenum":"86030","typemoney":"200"},{"type":5,"typenum":"1312289","typemoney":"10"},{"type":6,"typenum":"13558336","typemoney":"5"},{"type":7,"typenum":"","typemoney":""}]},{"name":"双色球","code":"2014122","detailsLink":"/c/2014-10-21/387978.shtml","videoLink":"","date":"2014-10-21(二)","week":"二","red":"06,09,11,16,20,29","blue":"11","blue2":"","sales":"372450634","poolmoney":"178571232","content":"内蒙古1注,上海1注,江苏3注,浙江2注,重庆2注,湖北3注,广东1注,甘肃1注,宁夏1注,深圳1注,共16注。","addmoney":"","addmoney2":"","msg":"","z2add":"","m2add":"","prizegrades":[{"type":1,"typenum":"16","typemoney":"5951266"},{"type":2,"typenum":"156","typemoney":"121957"},{"type":3,"typenum":"2333","typemoney":"3000"},{"type":4,"typenum":"101054","typemoney":"200"},{"type":5,"typenum":"1637257","typemoney":"10"},{"type":6,"typenum":"12563417","typemoney":"5"},{"type":7,"typenum":"","typemoney":""}]},{"name":"双色球","code":"2014121","detailsLink":"/c/2014-10-19/387962.shtml","videoLink":"","date":"2014-10-19(日)","week":"日","red":"01,02,13,22,28,30","blue":"09","blue2":"","sales":"414246034","poolmoney":"216715500","content":"河北1注,内蒙古3注,吉林1注,黑龙江1注,浙江2注,安徽1注,山东1注,湖北1注,广西2注,贵州1注,宁夏1注,共15注。","addmoney":"","addmoney2":"","msg":"","z2add":"","m2add":"","prizegrades":[{"type":1,"typenum":"15","typemoney":"6326521"},{"type":2,"typenum":"265","typemoney":"93857"},{"type":3,"typenum":"2233","typemoney":"3000"},{"type":4,"typenum":"95279","typemoney":"200"},{"type":5,"typenum":"1617362","typemoney":"10"},{"type":6,"typenum":"12312599","typemoney":"5"},{"type":7,"typenum":"","typemoney":""}]},{"name":"双色球","code":"2014120","detailsLink":"/c/2014-10-16/387936.shtml","videoLink":"","date":"2014-10-16(四)","week":"四","red":"01,07,12,16,23,28","blue":"04","blue2":"","sales":"380941988","poolmoney":"236996485","content":"北京1注,内蒙古2注,上海1注,江苏1注,浙江1注,江西1注,山东1注,河南10注,广东4注,广西1注,共23注。","addmoney":"","addmoney2":"","msg":"","z2add":"","m2add":"","prizegrades":[{"type":1,"typenum":"23","typemoney":"5924705"},{"type":2,"typenum":"375","typemoney":"70894"},{"type":3,"typenum":"1964","typemoney":"3000"},{"type":4,"typenum":"90510","typemoney":"200"},{"type":5,"typenum":"1599524","typemoney":"10"},{"type":6,"typenum":"8066245","typemoney":"5"},{"type":7,"typenum":"","typemoney":""}]},{"name":"双色球","code":"2014119","detailsLink":"/c/2014-10-14/387901.shtml","videoLink":"","date":"2014-10-14(二)","week":"二","red":"06,13,17,20,26,29","blue":"09","blue2":"","sales":"374297910","poolmoney":"293508896","content":"内蒙古1注,上海4注,江苏1注,安徽1注,江西1注,山东1注,河南2注,广东2注,四川1注,云南1注,陕西1注,共16注。","addmoney":"","addmoney2":"","msg":"","z2add":"","m2add":"","prizegrades":[{"type":1,"typenum":"16","typemoney":"5570537"},{"type":2,"typenum":"138","typemoney":"82686"},{"type":3,"typenum":"2891","typemoney":"3000"},{"type":4,"typenum":"117161","typemoney":"200"},{"type":5,"typenum":"1802157","typemoney":"10"},{"type":6,"typenum":"17527238","typemoney":"5"},{"type":7,"typenum":"","typemoney":""}]},{"name":"双色球","code":"2014118","detailsLink":"/c/2014-10-12/387875.shtml","videoLink":"","date":"2014-10-12(日)","week":"日","red":"05,07,15,18,26,30","blue":"03","blue2":"","sales":"412610364","poolmoney":"348405240","content":"北京1注,天津1注,河北1注,内蒙古5注,黑龙江1注,江苏1注,山东1注,河南1注,广东2注,青海1注,共15注。","addmoney":"","addmoney2":"","msg":"","z2add":"","m2add":"","prizegrades":[{"type":1,"typenum":"15","typemoney":"6427135"},{"type":2,"typenum":"328","typemoney":"81581"},{"type":3,"typenum":"2273","typemoney":"3000"},{"type":4,"typenum":"100809","typemoney":"200"},{"type":5,"typenum":"1756790","typemoney":"10"},{"type":6,"typenum":"10119046","typemoney":"5"},{"type":7,"typenum":"","typemoney":""}]},{"name":"双色球","code":"2014117","detailsLink":"/c/2014-10-09/387810.shtml","videoLink":"","date":"2014-10-09(四)","week":"四","red":"05,10,17,25,28,29","blue":"04","blue2":"","sales":"376251864","poolmoney":"364535919","content":"河北1注,内蒙古1注,浙江1注,江西1注,山东2注,湖北1注,广东1注,四川1注,共9注。","addmoney":"","addmoney2":"","msg":"","z2add":"","m2add":"","prizegrades":[{"type":1,"typenum":"9","typemoney":"7417293"},{"type":2,"typenum":"316","typemoney":"86058"},{"type":3,"typenum":"1417","typemoney":"3000"},{"type":4,"typenum":"73888","typemoney":"200"},{"type":5,"typenum":"1411754","typemoney":"10"},{"type":6,"typenum":"8487811","typemoney":"5"},{"type":7,"typenum":"","typemoney":""}]},{"name":"双色球","code":"2014116","detailsLink":"/c/2014-10-07/387781.shtml","videoLink":"","date":"2014-10-07(二)","week":"二","red":"09,10,14,15,19,29","blue":"16","blue2":"","sales":"355472106","poolmoney":"349707904","content":"浙江2注,福建1注,重庆4注,云南1注,共8注。","addmoney":"","addmoney2":"","msg":"","z2add":"","m2add":"","prizegrades":[{"type":1,"typenum":"8","typemoney":"7738382"},{"type":2,"typenum":"178","typemoney":"153841"},{"type":3,"typenum":"1095","typemoney":"3000"},{"type":4,"typenum":"64983","typemoney":"200"},{"type":5,"typenum":"1368684","typemoney":"10"},{"type":6,"typenum":"6935517","typemoney":"5"},{"type":7,"typenum":"","typemoney":""}]},{"name":"双色球","code":"2014115","detailsLink":"/c/2014-10-05/387777.shtml","videoLink":"","date":"2014-10-05(日)","week":"日","red":"01,09,10,11,13,32","blue":"03","blue2":"","sales":"393986920","poolmoney":"329463486","content":"北京1注,山西101注,黑龙江1注,上海2注,安徽1注,山东1注,共107注。","addmoney":"","addmoney2":"","msg":"","z2add":"","m2add":"","prizegrades":[{"type":1,"typenum":"107","typemoney":"5206826"},{"type":2,"typenum":"176","typemoney":"157176"},{"type":3,"typenum":"1224","typemoney":"3000"},{"type":4,"typenum":"71491","typemoney":"200"},{"type":5,"typenum":"1342439","typemoney":"10"},{"type":6,"typenum":"10201413","typemoney":"5"},{"type":7,"typenum":"","typemoney":""}]},{"name":"双色球","code":"2014114","detailsLink":"/c/2014-10-02/387772.shtml","videoLink":"","date":"2014-10-02(四)","week":"四","red":"02,07,23,30,32,33","blue":"10","blue2":"","sales":"336622164","poolmoney":"803604936","content":"内蒙古1注,吉林1注,江西1注,贵州1注,共4注。","addmoney":"","addmoney2":"","msg":"","z2add":"","m2add":"","prizegrades":[{"type":1,"typenum":"4","typemoney":"7655494"},{"type":2,"typenum":"64","typemoney":"207460"},{"type":3,"typenum":"1549","typemoney":"3000"},{"type":4,"typenum":"76268","typemoney":"200"},{"type":5,"typenum":"1350027","typemoney":"10"},{"type":6,"typenum":"15686821","typemoney":"5"},{"type":7,"typenum":"","typemoney":""}]},{"name":"双色球","code":"2014113","detailsLink":"/c/2014-09-30/387768.shtml","videoLink":"","date":"2014-09-30(二)","week":"二","red":"12,14,28,31,32,33","blue":"07","blue2":"","sales":"376332046","poolmoney":"794394502","content":"辽宁1注,上海1注,共2注。","addmoney":"","addmoney2":"","msg":"","z2add":"","m2add":"","prizegrades":[{"type":1,"typenum":"2","typemoney":"10000000"},{"type":2,"typenum":"61","typemoney":"329010"},{"type":3,"typenum":"1154","typemoney":"3000"},{"type":4,"typenum":"66803","typemoney":"200"},{"type":5,"typenum":"1303269","typemoney":"10"},{"type":6,"typenum":"14853762","typemoney":"5"},{"type":7,"typenum":"","typemoney":""}]},{"name":"双色球","code":"2014112","detailsLink":"/c/2014-09-28/387610.shtml","videoLink":"","date":"2014-09-28(日)","week":"日","red":"01,15,16,21,24,30","blue":"03","blue2":"","sales":"438774340","poolmoney":"754185552","content":"北京1注,天津1注,河北4注,辽宁2注,重庆1注,河南1注,湖北1注,湖南1注,四川2注,云南1注,新疆1注,共16注。","addmoney":"","addmoney2":"","msg":"","z2add":"","m2add":"","prizegrades":[{"type":1,"typenum":"16","typemoney":"5556035"},{"type":2,"typenum":"150","typemoney":"74138"},{"type":3,"typenum":"2830","typemoney":"3000"},{"type":4,"typenum":"124316","typemoney":"200"},{"type":5,"typenum":"1984273","typemoney":"10"},{"type":6,"typenum":"23464132","typemoney":"5"},{"type":7,"typenum":"","typemoney":""}]},{"name":"双色球","code":"2014111","detailsLink":"/c/2014-09-25/387565.shtml","videoLink":"","date":"2014-09-25(四)","week":"四","red":"02,08,17,20,22,28","blue":"02","blue2":"","sales":"391471380","poolmoney":"809720000","content":"吉林1注,上海1注,浙江1注,深圳2注,共5注。","addmoney":"","addmoney2":"","msg":"","z2add":"","m2add":"","prizegrades":[{"type":1,"typenum":"5","typemoney":"10000000"},{"type":2,"typenum":"86","typemoney":"386831"},{"type":3,"typenum":"1266","typemoney":"3000"},{"type":4,"typenum":"59579","typemoney":"200"},{"type":5,"typenum":"1157710","typemoney":"10"},{"type":6,"typenum":"6292002","typemoney":"5"},{"type":7,"typenum":"","typemoney":""}]},{"name":"双色球","code":"2014110","detailsLink":"/c/2014-09-23/387524.shtml","videoLink":"","date":"2014-09-23(二)","week":"二","red":"01,08,11,13,19,30","blue":"06","blue2":"","sales":"384948858","poolmoney":"759917456","content":"山东1注,重庆1注,广东1注,陕西1注,共4注。","addmoney":"","addmoney2":"","msg":"","z2add":"","m2add":"","prizegrades":[{"type":1,"typenum":"4","typemoney":"9300795"},{"type":2,"typenum":"143","typemoney":"150377"},{"type":3,"typenum":"1913","typemoney":"3000"},{"type":4,"typenum":"92867","typemoney":"200"},{"type":5,"typenum":"1669011","typemoney":"10"},{"type":6,"typenum":"12321303","typemoney":"5"},{"type":7,"typenum":"","typemoney":""}]},{"name":"双色球","code":"2014109","detailsLink":"/c/2014-09-21/387440.shtml","videoLink":"","date":"2014-09-21(日)","week":"日","red":"02,05,11,15,19,28","blue":"02","blue2":"","sales":"437600916","poolmoney":"732608704","content":"上海1注,江苏1注,福建1注,江西1注,广西1注,四川1注,新疆10注,共16注。","addmoney":"","addmoney2":"","msg":"","z2add":"","m2add":"","prizegrades":[{"type":1,"typenum":"16","typemoney":"6744502"},{"type":2,"typenum":"304","typemoney":"114769"},{"type":3,"typenum":"1491","typemoney":"3000"},{"type":4,"typenum":"77457","typemoney":"200"},{"type":5,"typenum":"1604097","typemoney":"10"},{"type":6,"typenum":"7771782","typemoney":"5"},{"type":7,"typenum":"","typemoney":""}]},{"name":"双色球","code":"2014108","detailsLink":"/c/2014-09-18/387425.shtml","videoLink":"","date":"2014-09-18(四)","week":"四","red":"03,08,09,20,23,28","blue":"02","blue2":"","sales":"393047674","poolmoney":"735850612","content":"北京2注,天津2注,河北1注,黑龙江1注,江苏1注,江西2注,重庆1注,湖南2注,广东1注,云南1注,共14注。","addmoney":"","addmoney2":"","msg":"","z2add":"","m2add":"","prizegrades":[{"type":1,"typenum":"14","typemoney":"6392168"},{"type":2,"typenum":"357","typemoney":"68243"},{"type":3,"typenum":"2806","typemoney":"3000"},{"type":4,"typenum":"109290","typemoney":"200"},{"type":5,"typenum":"1755016","typemoney":"10"},{"type":6,"typenum":"9463084","typemoney":"5"},{"type":7,"typenum":"","typemoney":""}]},{"name":"双色球","code":"2014107","detailsLink":"/c/2014-09-16/387283.shtml","videoLink":"","date":"2014-09-16(二)","week":"二","red":"11,14,17,22,25,27","blue":"16","blue2":"","sales":"387176276","poolmoney":"752252140","content":"黑龙江1注,浙江2注,河南1注,云南1注,共5注。","addmoney":"","addmoney2":"","msg":"","z2add":"","m2add":"","prizegrades":[{"type":1,"typenum":"5","typemoney":"9244289"},{"type":2,"typenum":"117","typemoney":"226724"},{"type":3,"typenum":"999","typemoney":"3000"},{"type":4,"typenum":"60116","typemoney":"200"},{"type":5,"typenum":"1186708","typemoney":"10"},{"type":6,"typenum":"11344370","typemoney":"5"},{"type":7,"typenum":"","typemoney":""}]},{"name":"双色球","code":"2014106","detailsLink":"/c/2014-09-14/387238.shtml","videoLink":"","date":"2014-09-14(日)","week":"日","red":"09,14,17,18,21,25","blue":"15","blue2":"","sales":"422052940","poolmoney":"718893160","content":"黑龙江1注,上海1注,浙江1注,陕西1注,共4注。","addmoney":"","addmoney2":"","msg":"","z2add":"","m2add":"","prizegrades":[{"type":1,"typenum":"4","typemoney":"10000000"},{"type":2,"typenum":"124","typemoney":"257862"},{"type":3,"typenum":"1115","typemoney":"3000"},{"type":4,"typenum":"68464","typemoney":"200"},{"type":5,"typenum":"1401001","typemoney":"10"},{"type":6,"typenum":"9571702","typemoney":"5"},{"type":7,"typenum":"","typemoney":""}]},{"name":"双色球","code":"2014105","detailsLink":"/c/2014-09-11/387201.shtml","videoLink":"","date":"2014-09-11(四)","week":"四","red":"14,16,17,19,27,32","blue":"04","blue2":"","sales":"379715550","poolmoney":"662968446","content":"北京1注,黑龙江1注,河南1注,湖北2注,广西1注,共6注。","addmoney":"","addmoney2":"","msg":"","z2add":"","m2add":"","prizegrades":[{"type":1,"typenum":"6","typemoney":"9151943"},{"type":2,"typenum":"67","typemoney":"464769"},{"type":3,"typenum":"756","typemoney":"3000"},{"type":4,"typenum":"45386","typemoney":"200"},{"type":5,"typenum":"993471","typemoney":"10"},{"type":6,"typenum":"8044478","typemoney":"5"},{"type":7,"typenum":"","typemoney":""}]},{"name":"双色球","code":"2014104","detailsLink":"/c/2014-09-09/387142.shtml","videoLink":"","date":"2014-09-09(二)","week":"二","red":"02,06,12,19,27,28","blue":"13","blue2":"","sales":"358170510","poolmoney":"624461375","content":"北京1注,浙江1注,重庆1注,湖北1注,广西1注,共5注。","addmoney":"","addmoney2":"","msg":"","z2add":"","m2add":"","prizegrades":[{"type":1,"typenum":"5","typemoney":"9351116"},{"type":2,"typenum":"372","typemoney":"73103"},{"type":3,"typenum":"1218","typemoney":"3000"},{"type":4,"typenum":"79156","typemoney":"200"},{"type":5,"typenum":"1516901","typemoney":"10"},{"type":6,"typenum":"6414284","typemoney":"5"},{"type":7,"typenum":"","typemoney":""}]},{"name":"双色球","code":"2014103","detailsLink":"/c/2014-09-07/387067.shtml","videoLink":"","date":"2014-09-07(日)","week":"日","red":"03,08,09,10,18,33","blue":"04","blue2":"","sales":"396768732","poolmoney":"589633520","content":"山西1注,内蒙古2注,安徽1注,湖北1注,广东3注,共8注。","addmoney":"","addmoney2":"","msg":"","z2add":"","m2add":"","prizegrades":[{"type":1,"typenum":"8","typemoney":"7120349"},{"type":2,"typenum":"179","typemoney":"118455"},{"type":3,"typenum":"1986","typemoney":"3000"},{"type":4,"typenum":"106804","typemoney":"200"},{"type":5,"typenum":"1806290","typemoney":"10"},{"type":6,"typenum":"12844201","typemoney":"5"},{"type":7,"typenum":"","typemoney":""}]},{"name":"双色球","code":"2014102","detailsLink":"/c/2014-09-04/386999.shtml","videoLink":"","date":"2014-09-04(四)","week":"四","red":"14,16,21,24,28,31","blue":"13","blue2":"","sales":"368749750","poolmoney":"582985842","content":"黑龙江1注,上海1注,江西1注,共3注。","addmoney":"","addmoney2":"","msg":"","z2add":"","m2add":"","prizegrades":[{"type":1,"typenum":"3","typemoney":"10000000"},{"type":2,"typenum":"80","typemoney":"346223"},{"type":3,"typenum":"813","typemoney":"3000"},{"type":4,"typenum":"54535","typemoney":"200"},{"type":5,"typenum":"1145542","typemoney":"10"},{"type":6,"typenum":"9018905","typemoney":"5"},{"type":7,"typenum":"","typemoney":""}]},{"name":"双色球","code":"2014101","detailsLink":"/c/2014-09-02/386939.shtml","videoLink":"","date":"2014-09-02(二)","week":"二","red":"16,18,20,23,24,32","blue":"07","blue2":"","sales":"359712392","poolmoney":"529892270","content":"北京1注,安徽1注,共2注。","addmoney":"","addmoney2":"","msg":"","z2add":"","m2add":"","prizegrades":[{"type":1,"typenum":"2","typemoney":"10000000"},{"type":2,"typenum":"61","typemoney":"420623"},{"type":3,"typenum":"806","typemoney":"3000"},{"type":4,"typenum":"44219","typemoney":"200"},{"type":5,"typenum":"922552","typemoney":"10"},{"type":6,"typenum":"10627930","typemoney":"5"},{"type":7,"typenum":"","typemoney":""}]},{"name":"双色球","code":"2014100","detailsLink":"/c/2014-08-31/386852.shtml","videoLink":"","date":"2014-08-31(日)","week":"日","red":"01,06,09,10,14,16","blue":"11","blue2":"","sales":"401949134","poolmoney":"472918194","content":"江苏1注,湖南2注,共3注。","addmoney":"","addmoney2":"","msg":"","z2add":"","m2add":"","prizegrades":[{"type":1,"typenum":"3","typemoney":"10000000"},{"type":2,"typenum":"90","typemoney":"260404"},{"type":3,"typenum":"1526","typemoney":"3000"},{"type":4,"typenum":"77921","typemoney":"200"},{"type":5,"typenum":"1519047","typemoney":"10"},{"type":6,"typenum":"13571367","typemoney":"5"},{"type":7,"typenum":"","typemoney":""}]},{"name":"双色球","code":"2014099","detailsLink":"/c/2014-08-28/386822.shtml","videoLink":"","date":"2014-08-28(四)","week":"四","red":"01,05,10,11,13,32","blue":"14","blue2":"","sales":"358086522","poolmoney":"432609020","content":"北京1注,上海1注,河南2注,共4注。","addmoney":"","addmoney2":"","msg":"","z2add":"","m2add":"","prizegrades":[{"type":1,"typenum":"4","typemoney":"10000000"},{"type":2,"typenum":"47","typemoney":"565778"},{"type":3,"typenum":"779","typemoney":"3000"},{"type":4,"typenum":"46911","typemoney":"200"},{"type":5,"typenum":"991927","typemoney":"10"},{"type":6,"typenum":"9491502","typemoney":"5"},{"type":7,"typenum":"","typemoney":""}]},{"name":"双色球","code":"2014098","detailsLink":"/c/2014-08-26/386808.shtml","videoLink":"","date":"2014-08-26(二)","week":"二","red":"02,13,17,20,29,31","blue":"07","blue2":"","sales":"353151800","poolmoney":"392834215","content":"江西1注,重庆2注,广东1注,贵州1注,共5注。","addmoney":"","addmoney2":"","msg":"","z2add":"","m2add":"","prizegrades":[{"type":1,"typenum":"5","typemoney":"8502424"},{"type":2,"typenum":"77","typemoney":"284287"},{"type":3,"typenum":"1534","typemoney":"3000"},{"type":4,"typenum":"64166","typemoney":"200"},{"type":5,"typenum":"1189740","typemoney":"10"},{"type":6,"typenum":"11230235","typemoney":"5"},{"type":7,"typenum":"","typemoney":""}]},{"name":"双色球","code":"2014097","detailsLink":"/c/2014-08-25/386774.shtml","videoLink":"","date":"2014-08-24(日)","week":"日","red":"07,13,24,25,27,32","blue":"15","blue2":"","sales":"390727104","poolmoney":"369675882","content":"上海1注,广西1注,深圳1注,共3注。","addmoney":"","addmoney2":"","msg":"","z2add":"","m2add":"","prizegrades":[{"type":1,"typenum":"3","typemoney":"10000000"},{"type":2,"typenum":"148","typemoney":"196578"},{"type":3,"typenum":"1599","typemoney":"3000"},{"type":4,"typenum":"73902","typemoney":"200"},{"type":5,"typenum":"1422268","typemoney":"10"},{"type":6,"typenum":"8256401","typemoney":"5"},{"type":7,"typenum":"","typemoney":""}]},{"name":"双色球","code":"2014096","detailsLink":"/c/2014-08-21/386770.shtml","videoLink":"","date":"2014-08-21(四)","week":"四","red":"12,14,17,19,22,24","blue":"08","blue2":"","sales":"357432576","poolmoney":"312395240","content":"北京1注,湖南1注,四川1注,云南1注,共4注。","addmoney":"","addmoney2":"","msg":"","z2add":"","m2add":"","prizegrades":[{"type":1,"typenum":"4","typemoney":"9824585"},{"type":2,"typenum":"86","typemoney":"280499"},{"type":3,"typenum":"1012","typemoney":"3000"},{"type":4,"typenum":"56567","typemoney":"200"},{"type":5,"typenum":"1144131","typemoney":"10"},{"type":6,"typenum":"10571910","typemoney":"5"},{"type":7,"typenum":"","typemoney":""}]},{"name":"双色球","code":"2014095","detailsLink":"/c/2014-08-19/386730.shtml","videoLink":"","date":"2014-08-19(二)","week":"二","red":"05,06,08,14,22,31","blue":"08","blue2":"","sales":"348187212","poolmoney":"279324805","content":"北京1注,辽宁2注,重庆1注,广东1注,共5注。","addmoney":"","addmoney2":"","msg":"","z2add":"","m2add":"","prizegrades":[{"type":1,"typenum":"5","typemoney":"7265534"},{"type":2,"typenum":"134","typemoney":"105668"},{"type":3,"typenum":"2053","typemoney":"3000"},{"type":4,"typenum":"97838","typemoney":"200"},{"type":5,"typenum":"1620365","typemoney":"10"},{"type":6,"typenum":"14408624","typemoney":"5"},{"type":7,"typenum":"","typemoney":""}]},{"name":"双色球","code":"2014094","detailsLink":"/c/2014-08-17/386686.shtml","videoLink":"","date":"2014-08-17(日)","week":"日","red":"01,10,18,20,23,29","blue":"01","blue2":"","sales":"394513356","poolmoney":"273173708","content":"天津1注,重庆1注,共2注。","addmoney":"","addmoney2":"","msg":"","z2add":"","m2add":"","prizegrades":[{"type":1,"typenum":"2","typemoney":"10000000"},{"type":2,"typenum":"79","typemoney":"363453"},{"type":3,"typenum":"1116","typemoney":"3000"},{"type":4,"typenum":"59784","typemoney":"200"},{"type":5,"typenum":"1177782","typemoney":"10"},{"type":6,"typenum":"10275525","typemoney":"5"},{"type":7,"typenum":"","typemoney":""}]},{"name":"双色球","code":"2014093","detailsLink":"/c/2014-08-14/386644.shtml","videoLink":"","date":"2014-08-14(四)","week":"四","red":"02,08,09,10,20,29","blue":"05","blue2":"","sales":"361310882","poolmoney":"207035236","content":"北京2注,天津2注,内蒙古1注,黑龙江1注,江苏1注,安徽2注,江西3注,山东2注,重庆3注,湖北1注,湖南1注,广东2注,云南1注,深圳1注,共23注。","addmoney":"","addmoney2":"","msg":"","z2add":"","m2add":"","prizegrades":[{"type":1,"typenum":"23","typemoney":"5209398"},{"type":2,"typenum":"205","typemoney":"29366"},{"type":3,"typenum":"3824","typemoney":"3000"},{"type":4,"typenum":"152903","typemoney":"200"},{"type":5,"typenum":"2158812","typemoney":"10"},{"type":6,"typenum":"17864162","typemoney":"5"},{"type":7,"typenum":"","typemoney":""}]},{"name":"双色球","code":"2014092","detailsLink":"/c/2014-08-12/386572.shtml","videoLink":"","date":"2014-08-12(二)","week":"二","red":"03,13,18,19,22,26","blue":"07","blue2":"","sales":"355694942","poolmoney":"308790808","content":"辽宁1注,上海2注,安徽2注,福建1注,重庆1注,深圳1注,共8注。","addmoney":"","addmoney2":"","msg":"","z2add":"","m2add":"","prizegrades":[{"type":1,"typenum":"8","typemoney":"6633423"},{"type":2,"typenum":"185","typemoney":"88293"},{"type":3,"typenum":"1965","typemoney":"3000"},{"type":4,"typenum":"92591","typemoney":"200"},{"type":5,"typenum":"1583568","typemoney":"10"},{"type":6,"typenum":"13740940","typemoney":"5"},{"type":7,"typenum":"","typemoney":""}]},{"name":"双色球","code":"2014091","detailsLink":"/c/2014-08-10/386562.shtml","videoLink":"","date":"2014-08-10(日)","week":"日","red":"01,05,12,19,27,29","blue":"14","blue2":"","sales":"395683536","poolmoney":"312855494","content":"山西1注,黑龙江1注,浙江1注,山东1注,广西1注,陕西2注,共7注。","addmoney":"","addmoney2":"","msg":"","z2add":"","m2add":"","prizegrades":[{"type":1,"typenum":"7","typemoney":"8264071"},{"type":2,"typenum":"148","typemoney":"192977"},{"type":3,"typenum":"1338","typemoney":"3000"},{"type":4,"typenum":"71109","typemoney":"200"},{"type":5,"typenum":"1355425","typemoney":"10"},{"type":6,"typenum":"9570474","typemoney":"5"},{"type":7,"typenum":"","typemoney":""}]},{"name":"双色球","code":"2014090","detailsLink":"/c/2014-08-07/386557.shtml","videoLink":"","date":"2014-08-07(四)","week":"四","red":"05,09,11,19,24,32","blue":"13","blue2":"","sales":"361007810","poolmoney":"285022119","content":"北京1注,天津1注,内蒙古5注,辽宁1注,江苏2注,浙江1注,江西1注,重庆1注,湖北1注,广东1注,云南2注,共17注。","addmoney":"","addmoney2":"","msg":"","z2add":"","m2add":"","prizegrades":[{"type":1,"typenum":"17","typemoney":"5909390"},{"type":2,"typenum":"201","typemoney":"96141"},{"type":3,"typenum":"2262","typemoney":"3000"},{"type":4,"typenum":"98090","typemoney":"200"},{"type":5,"typenum":"1612377","typemoney":"10"},{"type":6,"typenum":"11413580","typemoney":"5"},{"type":7,"typenum":"","typemoney":""}]},{"name":"双色球","code":"2014089","detailsLink":"/c/2014-08-05/386551.shtml","videoLink":"","date":"2014-08-05(二)","week":"二","red":"04,06,14,17,27,30","blue":"09","blue2":"","sales":"349996988","poolmoney":"327508140","content":"北京5注,上海2注,浙江1注,福建3注,重庆1注,四川1注,贵州1注,新疆1注,共15注。","addmoney":"","addmoney2":"","msg":"","z2add":"","m2add":"","prizegrades":[{"type":1,"typenum":"15","typemoney":"5545146"},{"type":2,"typenum":"145","typemoney":"70493"},{"type":3,"typenum":"2737","typemoney":"3000"},{"type":4,"typenum":"117179","typemoney":"200"},{"type":5,"typenum":"1813485","typemoney":"10"},{"type":6,"typenum":"16166172","typemoney":"5"},{"type":7,"typenum":"","typemoney":""}]},{"name":"双色球","code":"2014088","detailsLink":"/c/2014-08-03/386518.shtml","videoLink":"","date":"2014-08-03(日)","week":"日","red":"03,06,11,14,16,29","blue":"15","blue2":"","sales":"378895304","poolmoney":"380020836","content":"山西1注,山东1注,广东2注,共4注。","addmoney":"","addmoney2":"","msg":"","z2add":"","m2add":"","prizegrades":[{"type":1,"typenum":"4","typemoney":"10000000"},{"type":2,"typenum":"100","typemoney":"261555"},{"type":3,"typenum":"1287","typemoney":"3000"},{"type":4,"typenum":"70861","typemoney":"200"},{"type":5,"typenum":"1403382","typemoney":"10"},{"type":6,"typenum":"9793916","typemoney":"5"},{"type":7,"typenum":"","typemoney":""}]},{"name":"双色球","code":"2014087","detailsLink":"/c/2014-07-31/386514.shtml","videoLink":"","date":"2014-07-31(四)","week":"四","red":"06,18,22,23,32,33","blue":"06","blue2":"","sales":"346294212","poolmoney":"341554266","content":"北京1注,山西1注,黑龙江1注,江西1注,重庆1注,广东1注,共6注。","addmoney":"","addmoney2":"","msg":"","z2add":"","m2add":"","prizegrades":[{"type":1,"typenum":"6","typemoney":"8003802"},{"type":2,"typenum":"89","typemoney":"253129"},{"type":3,"typenum":"1319","typemoney":"3000"},{"type":4,"typenum":"63293","typemoney":"200"},{"type":5,"typenum":"1137663","typemoney":"10"},{"type":6,"typenum":"10315570","typemoney":"5"},{"type":7,"typenum":"","typemoney":""}]},{"name":"双色球","code":"2014086","detailsLink":"/c/2014-07-29/386511.shtml","videoLink":"","date":"2014-07-29(二)","week":"二","red":"02,04,10,12,14,30","blue":"08","blue2":"","sales":"342885520","poolmoney":"321991524","content":"辽宁1注,四川5注,共6注。","addmoney":"","addmoney2":"","msg":"","z2add":"","m2add":"","prizegrades":[{"type":1,"typenum":"6","typemoney":"8140814"},{"type":2,"typenum":"147","typemoney":"160245"},{"type":3,"typenum":"1304","typemoney":"3000"},{"type":4,"typenum":"69738","typemoney":"200"},{"type":5,"typenum":"1273037","typemoney":"10"},{"type":6,"typenum":"8639901","typemoney":"5"},{"type":7,"typenum":"","typemoney":""}]},{"name":"双色球","code":"2014085","detailsLink":"/c/2014-07-27/386507.shtml","videoLink":"","date":"2014-07-27(日)","week":"日","red":"01,02,11,19,23,29","blue":"08","blue2":"","sales":"383964576","poolmoney":"300168090","content":"吉林1注,浙江1注,重庆4注,湖北1注,广东1注,四川2注,陕西5注,共15注。","addmoney":"","addmoney2":"","msg":"","z2add":"","m2add":"","prizegrades":[{"type":1,"typenum":"15","typemoney":"6219107"},{"type":2,"typenum":"106","typemoney":"215644"},{"type":3,"typenum":"1561","typemoney":"3000"},{"type":4,"typenum":"79178","typemoney":"200"},{"type":5,"typenum":"1436700","typemoney":"10"},{"type":6,"typenum":"12364793","typemoney":"5"},{"type":7,"typenum":"","typemoney":""}]},{"name":"双色球","code":"2014084","detailsLink":"/c/2014-07-24/386426.shtml","videoLink":"","date":"2014-07-24(四)","week":"四","red":"01,06,09,10,13,25","blue":"08","blue2":"","sales":"348439746","poolmoney":"324879900","content":"河北1注,上海1注,山东1注,广西1注,四川1注,深圳1注,共6注。","addmoney":"","addmoney2":"","msg":"","z2add":"","m2add":"","prizegrades":[{"type":1,"typenum":"6","typemoney":"7345069"},{"type":2,"typenum":"107","typemoney":"164374"},{"type":3,"typenum":"1974","typemoney":"3000"},{"type":4,"typenum":"86620","typemoney":"200"},{"type":5,"typenum":"1516760","typemoney":"10"},{"type":6,"typenum":"12393958","typemoney":"5"},{"type":7,"typenum":"","typemoney":""}]},{"name":"双色球","code":"2014083","detailsLink":"/c/2014-07-22/386402.shtml","videoLink":"","date":"2014-07-22(二)","week":"二","red":"05,06,19,21,23,33","blue":"12","blue2":"","sales":"342671260","poolmoney":"316186254","content":"辽宁1注,黑龙江1注,江西1注,河南1注,甘肃2注,共6注。","addmoney":"","addmoney2":"","msg":"","z2add":"","m2add":"","prizegrades":[{"type":1,"typenum":"6","typemoney":"7954331"},{"type":2,"typenum":"111","typemoney":"199616"},{"type":3,"typenum":"1258","typemoney":"3000"},{"type":4,"typenum":"67669","typemoney":"200"},{"type":5,"typenum":"1313575","typemoney":"10"},{"type":6,"typenum":"9767085","typemoney":"5"},{"type":7,"typenum":"","typemoney":""}]},{"name":"双色球","code":"2014082","detailsLink":"/c/2014-07-20/386386.shtml","videoLink":"","date":"2014-07-20(日)","week":"日","red":"02,04,20,25,26,29","blue":"11","blue2":"","sales":"376072870","poolmoney":"297439788","content":"河北1注,福建5注,共6注。","addmoney":"","addmoney2":"","msg":"","z2add":"","m2add":"","prizegrades":[{"type":1,"typenum":"6","typemoney":"8166275"},{"type":2,"typenum":"90","typemoney":"263856"},{"type":3,"typenum":"1092","typemoney":"3000"},{"type":4,"typenum":"63429","typemoney":"200"},{"type":5,"typenum":"1276296","typemoney":"10"},{"type":6,"typenum":"12112535","typemoney":"5"},{"type":7,"typenum":"","typemoney":""}]},{"name":"双色球","code":"2014081","detailsLink":"/c/2014-07-17/386372.shtml","videoLink":"","date":"2014-07-17(四)","week":"四","red":"08,14,22,24,27,29","blue":"10","blue2":"","sales":"345588442","poolmoney":"275196240","content":"北京1注,辽宁1注,上海1注,广东3注,共6注。","addmoney":"","addmoney2":"","msg":"","z2add":"","m2add":"","prizegrades":[{"type":1,"typenum":"6","typemoney":"8256141"},{"type":2,"typenum":"88","typemoney":"277512"},{"type":3,"typenum":"1113","typemoney":"3000"},{"type":4,"typenum":"57026","typemoney":"200"},{"type":5,"typenum":"1165386","typemoney":"10"},{"type":6,"typenum":"9051206","typemoney":"5"},{"type":7,"typenum":"","typemoney":""}]},{"name":"双色球","code":"2014080","detailsLink":"/c/2014-07-15/386348.shtml","videoLink":"","date":"2014-07-15(二)","week":"二","red":"05,14,16,17,25,30","blue":"07","blue2":"","sales":"339602048","poolmoney":"251469908","content":"山西1注,共1注。","addmoney":"","addmoney2":"","msg":"","z2add":"","m2add":"","prizegrades":[{"type":1,"typenum":"1","typemoney":"10000000"},{"type":2,"typenum":"254","typemoney":"83090"},{"type":3,"typenum":"1931","typemoney":"3000"},{"type":4,"typenum":"88419","typemoney":"200"},{"type":5,"typenum":"1493780","typemoney":"10"},{"type":6,"typenum":"8714185","typemoney":"5"},{"type":7,"typenum":"","typemoney":""}]},{"name":"双色球","code":"2014079","detailsLink":"/c/2014-07-13/386338.shtml","videoLink":"","date":"2014-07-13(日)","week":"日","red":"02,07,16,22,27,28","blue":"02","blue2":"","sales":"371546996","poolmoney":"198155300","content":"北京1注,内蒙古1注,辽宁1注,江苏1注,重庆2注,广西1注,共7注。","addmoney":"","addmoney2":"","msg":"","z2add":"","m2add":"","prizegrades":[{"type":1,"typenum":"7","typemoney":"8316463"},{"type":2,"typenum":"168","typemoney":"172732"},{"type":3,"typenum":"1328","typemoney":"3000"},{"type":4,"typenum":"67865","typemoney":"200"},{"type":5,"typenum":"1315190","typemoney":"10"},{"type":6,"typenum":"7054578","typemoney":"5"},{"type":7,"typenum":"","typemoney":""}]},{"name":"双色球","code":"2014078","detailsLink":"/c/2014-07-10/386319.shtml","videoLink":"","date":"2014-07-10(四)","week":"四","red":"02,03,05,06,09,17","blue":"07","blue2":"","sales":"340877252","poolmoney":"169313373","content":"北京1注,河北1注,内蒙古2注,江苏1注,安徽1注,重庆1注,河南1注,湖北1注,共9注。","addmoney":"","addmoney2":"","msg":"","z2add":"","m2add":"","prizegrades":[{"type":1,"typenum":"9","typemoney":"6628498"},{"type":2,"typenum":"112","typemoney":"163576"},{"type":3,"typenum":"1699","typemoney":"3000"},{"type":4,"typenum":"95151","typemoney":"200"},{"type":5,"typenum":"1581197","typemoney":"10"},{"type":6,"typenum":"10761647","typemoney":"5"},{"type":7,"typenum":"","typemoney":""}]},{"name":"双色球","code":"2014077","detailsLink":"/c/2014-07-08/386303.shtml","videoLink":"","date":"2014-07-08(二)","week":"二","red":"08,09,12,15,19,22","blue":"10","blue2":"","sales":"335080206","poolmoney":"174008032","content":"辽宁1注,上海1注,浙江2注,江西2注,广东1注,海南1注,共8注。","addmoney":"","addmoney2":"","msg":"","z2add":"","m2add":"","prizegrades":[{"type":1,"typenum":"8","typemoney":"6647934"},{"type":2,"typenum":"140","typemoney":"117709"},{"type":3,"typenum":"1987","typemoney":"3000"},{"type":4,"typenum":"91724","typemoney":"200"},{"type":5,"typenum":"1615101","typemoney":"10"},{"type":6,"typenum":"11563022","typemoney":"5"},{"type":7,"typenum":"","typemoney":""}]},{"name":"双色球","code":"2014076","detailsLink":"/c/2014-07-06/386295.shtml","videoLink":"","date":"2014-07-06(日)","week":"日","red":"06,10,12,17,18,33","blue":"11","blue2":"","sales":"375634222","poolmoney":"177753477","content":"湖北1注,湖南1注,贵州1注,共3注。","addmoney":"","addmoney2":"","msg":"","z2add":"","m2add":"","prizegrades":[{"type":1,"typenum":"3","typemoney":"10000000"},{"type":2,"typenum":"76","typemoney":"324412"},{"type":3,"typenum":"1381","typemoney":"3000"},{"type":4,"typenum":"71212","typemoney":"200"},{"type":5,"typenum":"1328428","typemoney":"10"},{"type":6,"typenum":"10753917","typemoney":"5"},{"type":7,"typenum":"","typemoney":""}]},{"name":"双色球","code":"2014075","detailsLink":"/c/2014-07-03/386276.shtml","videoLink":"","date":"2014-07-03(四)","week":"四","red":"03,09,11,22,27,29","blue":"06","blue2":"","sales":"341705034","poolmoney":"133787352","content":"北京5注,河北8注,江苏1注,江西1注,重庆1注,湖南4注,云南1注,陕西2注,深圳1注,共24注。","addmoney":"","addmoney2":"","msg":"","z2add":"","m2add":"","prizegrades":[{"type":1,"typenum":"24","typemoney":"5641067"},{"type":2,"typenum":"169","typemoney":"113799"},{"type":3,"typenum":"2058","typemoney":"3000"},{"type":4,"typenum":"87963","typemoney":"200"},{"type":5,"typenum":"1514295","typemoney":"10"},{"type":6,"typenum":"10319558","typemoney":"5"},{"type":7,"typenum":"","typemoney":""}]},{"name":"双色球","code":"2014074","detailsLink":"/c/2014-07-01/386271.shtml","videoLink":"","date":"2014-07-01(二)","week":"二","red":"01,03,06,13,30,31","blue":"12","blue2":"","sales":"333005878","poolmoney":"211476892","content":"广西1注,共1注。","addmoney":"","addmoney2":"","msg":"","z2add":"","m2add":"","prizegrades":[{"type":1,"typenum":"1","typemoney":"10000000"},{"type":2,"typenum":"88","typemoney":"239871"},{"type":3,"typenum":"1114","typemoney":"3000"},{"type":4,"typenum":"57447","typemoney":"200"},{"type":5,"typenum":"1090492","typemoney":"10"},{"type":6,"typenum":"10600358","typemoney":"5"},{"type":7,"typenum":"","typemoney":""}]},{"name":"双色球","code":"2014073","detailsLink":"/c/2014-06-29/386228.shtml","videoLink":"","date":"2014-06-29(日)","week":"日","red":"01,12,16,20,30,33","blue":"02","blue2":"","sales":"368813894","poolmoney":"158150815","content":"天津1注,内蒙古1注,重庆1注,广东2注,共5注。","addmoney":"","addmoney2":"","msg":"","z2add":"","m2add":"","prizegrades":[{"type":1,"typenum":"5","typemoney":"5000000"},{"type":2,"typenum":"79","typemoney":"382345"},{"type":3,"typenum":"851","typemoney":"3000"},{"type":4,"typenum":"46034","typemoney":"200"},{"type":5,"typenum":"954721","typemoney":"10"},{"type":6,"typenum":"7718151","typemoney":"5"},{"type":7,"typenum":"","typemoney":""}]},{"name":"双色球","code":"2014072","detailsLink":"/c/2014-06-26/386197.shtml","videoLink":"","date":"2014-06-26(四)","week":"四","red":"01,03,07,13,19,32","blue":"16","blue2":"","sales":"324184472","poolmoney":"92535036","content":"江苏1注,江西1注,湖北1注,共3注。","addmoney":"","addmoney2":"","msg":"","z2add":"","m2add":"","prizegrades":[{"type":1,"typenum":"3","typemoney":"5000000"},{"type":2,"typenum":"106","typemoney":"243820"},{"type":3,"typenum":"1068","typemoney":"3000"},{"type":4,"typenum":"49834","typemoney":"200"},{"type":5,"typenum":"1025749","typemoney":"10"},{"type":6,"typenum":"6408410","typemoney":"5"},{"type":7,"typenum":"","typemoney":""}]},{"name":"双色球","code":"2014071","detailsLink":"/c/2014-06-24/386191.shtml","videoLink":"","date":"2014-06-24(二)","week":"二","red":"02,04,12,17,22,25","blue":"14","blue2":"","sales":"332837230","poolmoney":"30000000","content":"北京2注,天津1注,河北1注,山西1注,上海3注,江苏2注,浙江1注,山东2注,重庆7注,河南1注,湖北1注,广东2注,广西2注,贵州1注,云南6注,深圳1注,共34注。","addmoney":"","addmoney2":"","msg":"中彩中心决定：从双色球调节基金拨出30000000元，注入第2014072期奖池，第2014072期奖池资金原为：0元,累计金额为：30000000元。","z2add":"","m2add":"","prizegrades":[{"type":1,"typenum":"34","typemoney":"3043574"},{"type":2,"typenum":"432","typemoney":"43988"},{"type":3,"typenum":"3381","typemoney":"3000"},{"type":4,"typenum":"107551","typemoney":"200"},{"type":5,"typenum":"1510550","typemoney":"10"},{"type":6,"typenum":"8063806","typemoney":"5"},{"type":7,"typenum":"","typemoney":""}]},{"name":"双色球","code":"2014070","detailsLink":"/c/2014-06-22/386179.shtml","videoLink":"","date":"2014-06-22(日)","week":"日","red":"01,07,09,19,28,29","blue":"07","blue2":"","sales":"381932126","poolmoney":"46472150","content":"天津1注,吉林1注,安徽2注,江西1注,山东2注,重庆2注,广东11注,四川2注,云南1注,甘肃1注,深圳1注,共25注。","addmoney":"","addmoney2":"","msg":"","z2add":"","m2add":"","prizegrades":[{"type":1,"typenum":"25","typemoney":"5398171"},{"type":2,"typenum":"199","typemoney":"62526"},{"type":3,"typenum":"3342","typemoney":"3000"},{"type":4,"typenum":"132626","typemoney":"200"},{"type":5,"typenum":"1950893","typemoney":"10"},{"type":6,"typenum":"16263025","typemoney":"5"},{"type":7,"typenum":"","typemoney":""}]},{"name":"双色球","code":"2014069","detailsLink":"/c/2014-06-19/386170.shtml","videoLink":"","date":"2014-06-19(四)","week":"四","red":"05,12,17,19,25,30","blue":"11","blue2":"","sales":"344427596","poolmoney":"144097840","content":"山西1注,黑龙江1注,江苏1注,浙江2注,重庆1注,贵州1注,深圳3注,共10注。","addmoney":"","addmoney2":"","msg":"","z2add":"","m2add":"","prizegrades":[{"type":1,"typenum":"10","typemoney":"6146408"},{"type":2,"typenum":"218","typemoney":"65734"},{"type":3,"typenum":"2770","typemoney":"3000"},{"type":4,"typenum":"107270","typemoney":"200"},{"type":5,"typenum":"1672199","typemoney":"10"},{"type":6,"typenum":"12992624","typemoney":"5"},{"type":7,"typenum":"","typemoney":""}]},{"name":"双色球","code":"2014068","detailsLink":"/c/2014-06-17/386163.shtml","videoLink":"","date":"2014-06-17(二)","week":"二","red":"04,12,13,22,27,29","blue":"16","blue2":"","sales":"333498724","poolmoney":"162571614","content":"河北2注,云南1注,共3注。","addmoney":"","addmoney2":"","msg":"","z2add":"","m2add":"","prizegrades":[{"type":1,"typenum":"3","typemoney":"5000000"},{"type":2,"typenum":"122","typemoney":"235536"},{"type":3,"typenum":"666","typemoney":"3000"},{"type":4,"typenum":"45928","typemoney":"200"},{"type":5,"typenum":"1038452","typemoney":"10"},{"type":6,"typenum":"5380882","typemoney":"5"},{"type":7,"typenum":"","typemoney":""}]},{"name":"双色球","code":"2014067","detailsLink":"/c/2014-06-15/386152.shtml","videoLink":"","date":"2014-06-15(日)","week":"日","red":"01,06,07,17,18,23","blue":"06","blue2":"","sales":"369752334","poolmoney":"91365232","content":"辽宁1注,黑龙江1注,江西1注,重庆3注,湖北5注,广东1注,广西1注,四川1注,深圳2注,共16注。","addmoney":"","addmoney2":"","msg":"","z2add":"","m2add":"","prizegrades":[{"type":1,"typenum":"16","typemoney":"6218687"},{"type":2,"typenum":"203","typemoney":"120067"},{"type":3,"typenum":"1916","typemoney":"3000"},{"type":4,"typenum":"90586","typemoney":"200"},{"type":5,"typenum":"1585425","typemoney":"10"},{"type":6,"typenum":"8792844","typemoney":"5"},{"type":7,"typenum":"","typemoney":""}]},{"name":"双色球","code":"2014066","detailsLink":"/c/2014-06-12/386145.shtml","videoLink":"","date":"2014-06-12(四)","week":"四","red":"02,05,15,17,18,21","blue":"16","blue2":"","sales":"326106482","poolmoney":"117743004","content":"内蒙古1注,吉林1注,河南1注,共3注。","addmoney":"","addmoney2":"","msg":"","z2add":"","m2add":"","prizegrades":[{"type":1,"typenum":"3","typemoney":"5000000"},{"type":2,"typenum":"89","typemoney":"308573"},{"type":3,"typenum":"805","typemoney":"3000"},{"type":4,"typenum":"48586","typemoney":"200"},{"type":5,"typenum":"1022418","typemoney":"10"},{"type":6,"typenum":"5516701","typemoney":"5"},{"type":7,"typenum":"","typemoney":""}]},{"name":"双色球","code":"2014065","detailsLink":"/c/2014-06-10/386064.shtml","videoLink":"","date":"2014-06-10(二)","week":"二","red":"03,04,05,08,10,22","blue":"06","blue2":"","sales":"331291864","poolmoney":"50353786","content":"北京1注,内蒙古2注,辽宁1注,上海2注,浙江1注,山东3注,广东3注,深圳1注,共14注。","addmoney":"","addmoney2":"","msg":"","z2add":"","m2add":"","prizegrades":[{"type":1,"typenum":"14","typemoney":"5000000"},{"type":2,"typenum":"131","typemoney":"174687"},{"type":3,"typenum":"1283","typemoney":"3000"},{"type":4,"typenum":"66306","typemoney":"200"},{"type":5,"typenum":"1260097","typemoney":"10"},{"type":6,"typenum":"8217154","typemoney":"5"},{"type":7,"typenum":"","typemoney":""}]},{"name":"双色球","code":"2014064","detailsLink":"/c/2014-06-08/386034.shtml","videoLink":"","date":"2014-06-08(日)","week":"日","red":"02,09,15,16,29,32","blue":"14","blue2":"","sales":"362553032","poolmoney":"51701734","content":"辽宁1注,江苏3注,江西1注,山东1注,重庆1注,河南1注,湖北1注,广东3注,广西2注,共14注。","addmoney":"","addmoney2":"","msg":"","z2add":"","m2add":"","prizegrades":[{"type":1,"typenum":"14","typemoney":"5000000"},{"type":2,"typenum":"287","typemoney":"76848"},{"type":3,"typenum":"2051","typemoney":"3000"},{"type":4,"typenum":"89457","typemoney":"200"},{"type":5,"typenum":"1522984","typemoney":"10"},{"type":6,"typenum":"10030883","typemoney":"5"},{"type":7,"typenum":"","typemoney":""}]},{"name":"双色球","code":"2014063","detailsLink":"/c/2014-06-05/386029.shtml","videoLink":"","date":"2014-06-05(四)","week":"四","red":"03,08,17,21,22,31","blue":"16","blue2":"","sales":"318559312","poolmoney":"55534992","content":"黑龙江1注,上海2注,江苏2注,浙江2注,云南1注,共8注。","addmoney":"","addmoney2":"","msg":"","z2add":"","m2add":"","prizegrades":[{"type":1,"typenum":"8","typemoney":"5000000"},{"type":2,"typenum":"224","typemoney":"97522"},{"type":3,"typenum":"1298","typemoney":"3000"},{"type":4,"typenum":"65191","typemoney":"200"},{"type":5,"typenum":"1172314","typemoney":"10"},{"type":6,"typenum":"8011746","typemoney":"5"},{"type":7,"typenum":"","typemoney":""}]},{"name":"双色球","code":"2014062","detailsLink":"/c/2014-06-03/386024.shtml","videoLink":"","date":"2014-06-03(二)","week":"二","red":"06,09,15,24,25,26","blue":"09","blue2":"","sales":"324555900","poolmoney":"30000000","content":"北京5注,河北1注,山西2注,内蒙古1注,辽宁2注,江苏2注,浙江1注,安徽4注,福建3注,江西1注,山东2注,重庆1注,河南1注,湖北12注,广东4注,广西1注,四川10注,贵州3注,云南1注,西藏1注,共58注。","addmoney":"","addmoney2":"","msg":"中彩中心决定：从双色球调节基金拨出30000000元，注入第2014063期奖池，第2014063期奖池资金原为：0元,累计金额为：30000000元。","z2add":"","m2add":"","prizegrades":[{"type":1,"typenum":"58","typemoney":"1557886"},{"type":2,"typenum":"396","typemoney":"22689"},{"type":3,"typenum":"3996","typemoney":"3000"},{"type":4,"typenum":"130435","typemoney":"200"},{"type":5,"typenum":"1803666","typemoney":"10"},{"type":6,"typenum":"13396108","typemoney":"5"},{"type":7,"typenum":"","typemoney":""}]},{"name":"双色球","code":"2014061","detailsLink":"/c/2014-06-01/386014.shtml","videoLink":"","date":"2014-06-01(日)","week":"日","red":"02,14,17,27,28,31","blue":"08","blue2":"","sales":"348086982","poolmoney":"63402256","content":"黑龙江1注,上海2注,湖北5注,广东1注,陕西1注,青海5注,深圳1注,共16注。","addmoney":"","addmoney2":"","msg":"","z2add":"","m2add":"","prizegrades":[{"type":1,"typenum":"16","typemoney":"5000000"},{"type":2,"typenum":"210","typemoney":"105096"},{"type":3,"typenum":"1275","typemoney":"3000"},{"type":4,"typenum":"72476","typemoney":"200"},{"type":5,"typenum":"1338689","typemoney":"10"},{"type":6,"typenum":"10114900","typemoney":"5"},{"type":7,"typenum":"","typemoney":""}]},{"name":"双色球","code":"2014060","detailsLink":"/c/2014-05-29/386009.shtml","videoLink":"","date":"2014-05-29(四)","week":"四","red":"03,05,14,18,25,33","blue":"06","blue2":"","sales":"332537430","poolmoney":"77191491","content":"云南1注,共1注。","addmoney":"","addmoney2":"","msg":"","z2add":"","m2add":"","prizegrades":[{"type":1,"typenum":"1","typemoney":"5000000"},{"type":2,"typenum":"156","typemoney":"104288"},{"type":3,"typenum":"1532","typemoney":"3000"},{"type":4,"typenum":"75440","typemoney":"200"},{"type":5,"typenum":"1322614","typemoney":"10"},{"type":6,"typenum":"12991386","typemoney":"5"},{"type":7,"typenum":"","typemoney":""}]},{"name":"双色球","code":"2014059","detailsLink":"/c/2014-05-27/385987.shtml","videoLink":"","date":"2014-05-27(二)","week":"二","red":"05,08,12,13,23,25","blue":"13","blue2":"","sales":"332914310","poolmoney":"33384288","content":"北京2注,内蒙古1注,浙江2注,江西1注,山东5注,重庆1注,广东1注,广西1注,共14注。","addmoney":"","addmoney2":"","msg":"","z2add":"","m2add":"","prizegrades":[{"type":1,"typenum":"14","typemoney":"5000000"},{"type":2,"typenum":"192","typemoney":"117768"},{"type":3,"typenum":"1667","typemoney":"3000"},{"type":4,"typenum":"74133","typemoney":"200"},{"type":5,"typenum":"1320912","typemoney":"10"},{"type":6,"typenum":"7928978","typemoney":"5"},{"type":7,"typenum":"","typemoney":""}]},{"name":"双色球","code":"2014058","detailsLink":"/c/2014-05-25/385975.shtml","videoLink":"","date":"2014-05-25(日)","week":"日","red":"02,03,12,13,14,25","blue":"11","blue2":"","sales":"395239936","poolmoney":"35549494","content":"北京3注,河北3注,内蒙古1注,吉林1注,黑龙江1注,上海1注,浙江1注,福建3注,江西1注,山东2注,重庆3注,河南1注,湖北4注,湖南1注,广东2注,四川5注,甘肃1注,新疆3注,深圳1注,共38注。","addmoney":"","addmoney2":"","msg":"","z2add":"","m2add":"","prizegrades":[{"type":1,"typenum":"38","typemoney":"5136638"},{"type":2,"typenum":"213","typemoney":"30471"},{"type":3,"typenum":"3747","typemoney":"3000"},{"type":4,"typenum":"145090","typemoney":"200"},{"type":5,"typenum":"2167260","typemoney":"10"},{"type":6,"typenum":"21154932","typemoney":"5"},{"type":7,"typenum":"","typemoney":""}]},{"name":"双色球","code":"2014057","detailsLink":"/c/2014-05-22/385966.shtml","videoLink":"","date":"2014-05-22(四)","week":"四","red":"02,04,12,18,23,31","blue":"08","blue2":"","sales":"357051002","poolmoney":"211270800","content":"吉林1注,江苏1注,江西1注,河南1注,广东1注,深圳1注,共6注。","addmoney":"","addmoney2":"","msg":"","z2add":"","m2add":"","prizegrades":[{"type":1,"typenum":"6","typemoney":"8117313"},{"type":2,"typenum":"92","typemoney":"254128"},{"type":3,"typenum":"1219","typemoney":"3000"},{"type":4,"typenum":"64264","typemoney":"200"},{"type":5,"typenum":"1210077","typemoney":"10"},{"type":6,"typenum":"10565005","typemoney":"5"},{"type":7,"typenum":"","typemoney":""}]},{"name":"双色球","code":"2014056","detailsLink":"/c/2014-05-20/385949.shtml","videoLink":"","date":"2014-05-20(二)","week":"二","red":"01,11,18,20,28,29","blue":"01","blue2":"","sales":"355820816","poolmoney":"189835134","content":"北京1注,江苏1注,山东1注,重庆1注,湖北1注,广东1注,共6注。","addmoney":"","addmoney2":"","msg":"","z2add":"","m2add":"","prizegrades":[{"type":1,"typenum":"6","typemoney":"8207897"},{"type":2,"typenum":"117","typemoney":"205634"},{"type":3,"typenum":"1423","typemoney":"3000"},{"type":4,"typenum":"70178","typemoney":"200"},{"type":5,"typenum":"1248597","typemoney":"10"},{"type":6,"typenum":"9464943","typemoney":"5"},{"type":7,"typenum":"","typemoney":""}]},{"name":"双色球","code":"2014055","detailsLink":"/c/2014-05-18/385936.shtml","videoLink":"","date":"2014-05-18(日)","week":"日","red":"02,09,14,19,21,30","blue":"04","blue2":"","sales":"399255230","poolmoney":"166904832","content":"山西3注,内蒙古1注,江苏1注,浙江1注,湖北1注,贵州1注,共8注。","addmoney":"","addmoney2":"","msg":"","z2add":"","m2add":"","prizegrades":[{"type":1,"typenum":"8","typemoney":"6995330"},{"type":2,"typenum":"141","typemoney":"141512"},{"type":3,"typenum":"1986","typemoney":"3000"},{"type":4,"typenum":"93312","typemoney":"200"},{"type":5,"typenum":"1617705","typemoney":"10"},{"type":6,"typenum":"15004880","typemoney":"5"},{"type":7,"typenum":"","typemoney":""}]},{"name":"双色球","code":"2014054","detailsLink":"/c/2014-05-15/385921.shtml","videoLink":"","date":"2014-05-15(四)","week":"四","red":"01,04,05,11,29,30","blue":"14","blue2":"","sales":"362404232","poolmoney":"163007572","content":"山西2注,吉林1注,上海2注,江苏1注,安徽1注,福建1注,江西1注,湖南2注,四川2注,宁夏1注,共14注。","addmoney":"","addmoney2":"","msg":"","z2add":"","m2add":"","prizegrades":[{"type":1,"typenum":"14","typemoney":"6152102"},{"type":2,"typenum":"331","typemoney":"73094"},{"type":3,"typenum":"2358","typemoney":"3000"},{"type":4,"typenum":"112835","typemoney":"200"},{"type":5,"typenum":"1838369","typemoney":"10"},{"type":6,"typenum":"9781242","typemoney":"5"},{"type":7,"typenum":"","typemoney":""}]},{"name":"双色球","code":"2014053","detailsLink":"/c/2014-05-13/385904.shtml","videoLink":"","date":"2014-05-13(二)","week":"二","red":"14,17,19,22,26,31","blue":"02","blue2":"","sales":"357050160","poolmoney":"192683993","content":"广东1注,共1注。","addmoney":"","addmoney2":"","msg":"","z2add":"","m2add":"","prizegrades":[{"type":1,"typenum":"1","typemoney":"10000000"},{"type":2,"typenum":"80","typemoney":"385716"},{"type":3,"typenum":"919","typemoney":"3000"},{"type":4,"typenum":"57298","typemoney":"200"},{"type":5,"typenum":"1177658","typemoney":"10"},{"type":6,"typenum":"9220755","typemoney":"5"},{"type":7,"typenum":"","typemoney":""}]}]}