{"state":0,"message":"查询成功","pageCount":2,"countNum":153,"Tflag":2,"result":[{"name":"双色球","code":"2016153","detailsLink":"/c/2016-12-29/407851.shtml","videoLink":"","date":"2016-12-29(四)","week":"四","red":"07,09,16,24,25,29","blue":"06","blue2":"","sales":"342438226","poolmoney":"990091165","content":"黑龙江1注,江苏2注,重庆1注,甘肃1注,共5注。","addmoney":"","addmoney2":"","msg":"","z2add":"","m2add":"","prizegrades":[{"type":1,"typenum":"5","typemoney":"7932287"},{"type":2,"typenum":"247","typemoney":"74197"},{"type":3,"typenum":"2125","typemoney":"3000"},{"type":4,"typenum":"97239","typemoney":"200"},{"type":5,"typenum":"1701009","typemoney":"10"},{"type":6,"typenum":"10330931","typemoney":"5"},{"type":7,"typenum":"","typemoney":""}]},{"name":"双色球","code":"2016152","detailsLink":"/c/2016-12-27/407745.shtml","videoLink":"","date":"2016-12-27(二)","week":"二","red":"02,08,09,16,20,22","blue":"07","blue2":"","sales":"338973816","poolmoney":"974772214","content":"内蒙古1注,辽宁3注,浙江2注,山东3注,重庆1注,湖北1注,广东1注,广西1注,海南2注,四川1注,甘肃1注,共17注。","addmoney":"","addmoney2":"","msg":"","z2add":"","m2add":"","prizegrades":[{"type":1,"typenum":"17","typemoney":"5986457"},{"type":2,"typenum":"247","typemoney":"84867"},{"type":3,"typenum":"2023","typemoney":"3000"},{"type":4,"typenum":"83468","typemoney":"200"},{"type":5,"typenum":"1382016","typemoney":"10"},{"type":6,"typenum":"9133098","typemoney":"5"},{"type":7,"typenum":"","typemoney":""}]},{"name":"双色球","code":"2016151","detailsLink":"/c/2016-12-25/407667.shtml","videoLink":"","date":"2016-12-25(日)","week":"日","red":"06,11,16,20,22,33","blue":"07","blue2":"","sales":"375311070","poolmoney":"1013655324","content":"河北1注,吉林1注,江苏1注,福建1注,河南1注,四川3注,贵州1注,云南1注,宁夏1注,共11注。","addmoney":"","addmoney2":"","msg":"","z2add":"","m2add":"","prizegrades":[{"type":1,"typenum":"11","typemoney":"6923271"},{"type":2,"typenum":"130","typemoney":"203422"},{"type":3,"typenum":"1583","typemoney":"3000"},{"type":4,"typenum":"72142","typemoney":"200"},{"type":5,"typenum":"1348321","typemoney":"10"},{"type":6,"typenum":"9092376","typemoney":"5"},{"type":7,"typenum":"","typemoney":""}]},{"name":"双色球","code":"2016150","detailsLink":"/c/2016-12-22/407617.shtml","videoLink":"","date":"2016-12-22(四)","week":"四","red":"02,04,05,09,13,21","blue":"05","blue2":"","sales":"350741078","poolmoney":"1010476368","content":"北京1注,辽宁8注,江苏1注,河南1注,广东4注,海南2注,贵州1注,陕西2注,甘肃2注,共22注。","addmoney":"","addmoney2":"","msg":"","z2add":"","m2add":"","prizegrades":[{"type":1,"typenum":"22","typemoney":"5849327"},{"type":2,"typenum":"140","typemoney":"166832"},{"type":3,"typenum":"1303","typemoney":"3000"},{"type":4,"typenum":"71061","typemoney":"200"},{"type":5,"typenum":"1438779","typemoney":"10"},{"type":6,"typenum":"9185632","typemoney":"5"},{"type":7,"typenum":"","typemoney":""}]},{"name":"双色球","code":"2016149","detailsLink":"/c/2016-12-20/407545.shtml","videoLink":"","date":"2016-12-20(二)","week":"二","red":"03,20,23,26,32,33","blue":"07","blue2":"","sales":"342258704","poolmoney":"1069092085","content":"江苏1注,湖北1注,广东2注,四川1注,共5注。","addmoney":"","addmoney2":"","msg":"","z2add":"","m2add":"","prizegrades":[{"type":1,"typenum":"5","typemoney":"7413987"},{"type":2,"typenum":"77","typemoney":"195940"},{"type":3,"typenum":"1404","typemoney":"3000"},{"type":4,"typenum":"67314","typemoney":"200"},{"type":5,"typenum":"1225433","typemoney":"10"},{"type":6,"typenum":"15485589","typemoney":"5"},{"type":7,"typenum":"","typemoney":""}]},{"name":"双色球","code":"2016148","detailsLink":"/c/2016-12-18/407488.shtml","videoLink":"","date":"2016-12-18(日)","week":"日","red":"01,02,11,20,26,30","blue":"14","blue2":"","sales":"381634232","poolmoney":"1060899760","content":"上海1注,江苏1注,湖南1注,广东1注,海南1注,四川4注,云南1注,共10注。","addmoney":"","addmoney2":"","msg":"","z2add":"","m2add":"","prizegrades":[{"type":1,"typenum":"10","typemoney":"7088635"},{"type":2,"typenum":"158","typemoney":"165240"},{"type":3,"typenum":"1511","typemoney":"3000"},{"type":4,"typenum":"75187","typemoney":"200"},{"type":5,"typenum":"1423151","typemoney":"10"},{"type":6,"typenum":"9753421","typemoney":"5"},{"type":7,"typenum":"","typemoney":""}]},{"name":"双色球","code":"2016147","detailsLink":"/c/2016-12-15/407445.shtml","videoLink":"","date":"2016-12-15(四)","week":"四","red":"04,14,18,28,31,32","blue":"12","blue2":"","sales":"341474648","poolmoney":"1053462300","content":"河北1注,上海1注,江苏1注,广东1注,甘肃1注,共5注。","addmoney":"","addmoney2":"","msg":"","z2add":"","m2add":"","prizegrades":[{"type":1,"typenum":"5","typemoney":"8475931"},{"type":2,"typenum":"113","typemoney":"192252"},{"type":3,"typenum":"1501","typemoney":"3000"},{"type":4,"typenum":"71722","typemoney":"200"},{"type":5,"typenum":"1397848","typemoney":"10"},{"type":6,"typenum":"9519683","typemoney":"5"},{"type":7,"typenum":"","typemoney":""}]},{"name":"双色球","code":"2016146","detailsLink":"/c/2016-12-13/407374.shtml","videoLink":"","date":"2016-12-13(二)","week":"二","red":"03,07,15,16,17,23","blue":"10","blue2":"","sales":"344859752","poolmoney":"1030668248","content":"内蒙古1注,黑龙江2注,江苏1注,河南1注,湖南1注,广东1注,广西1注,共8注。","addmoney":"","addmoney2":"","msg":"","z2add":"","m2add":"","prizegrades":[{"type":1,"typenum":"8","typemoney":"7329207"},{"type":2,"typenum":"133","typemoney":"175128"},{"type":3,"typenum":"1248","typemoney":"3000"},{"type":4,"typenum":"64608","typemoney":"200"},{"type":5,"typenum":"1177954","typemoney":"10"},{"type":6,"typenum":"9473568","typemoney":"5"},{"type":7,"typenum":"","typemoney":""}]},{"name":"双色球","code":"2016145","detailsLink":"/c/2016-12-11/407300.shtml","videoLink":"","date":"2016-12-11(日)","week":"日","red":"01,03,07,12,19,20","blue":"06","blue2":"","sales":"398955964","poolmoney":"1019425688","content":"北京2注,浙江2注,山东2注,广东2注,共8注。其中复式投注为：北京1注,山东1注,广东2注。","addmoney":"","addmoney2":"","zj1":"4","mj1":"10014333(含派奖3749992)","msg":"下期一等奖派奖金额：0元。\n","z2add":"","m2add":"","prizegrades":[{"type":1,"typenum":"8","typemoney":"6264341"},{"type":2,"typenum":"157","typemoney":"80531"},{"type":3,"typenum":"3096","typemoney":"3000"},{"type":4,"typenum":"129508","typemoney":"200"},{"type":5,"typenum":"2027471","typemoney":"10"},{"type":6,"typenum":"17890089","typemoney":"5"},{"type":7,"typenum":"","typemoney":""}]},{"name":"双色球","code":"2016144","detailsLink":"/c/2016-12-08/407258.shtml","videoLink":"","date":"2016-12-08(四)","week":"四","red":"04,10,12,27,32,33","blue":"05","blue2":"","sales":"372346108","poolmoney":"1031610174","content":"天津1注,河北1注,内蒙古1注,安徽1注,江西1注,河南1注,四川3注,贵州1注,新疆3注,深圳1注,共14注。其中复式投注为：内蒙古1注,安徽1注,四川1注,贵州1注,新疆3注。","addmoney":"","addmoney2":"","zj1":"7","mj1":"11201501(含派奖5000000)","zj6":"6516092","mj6":"10(含派奖5)","msg":"下期一等奖派奖金额：14999971元。\n六等奖派奖奖金余额：0元。","z2add":"","m2add":"","prizegrades":[{"type":1,"typenum":"14","typemoney":"6201501"},{"type":2,"typenum":"86","typemoney":"244491"},{"type":3,"typenum":"1420","typemoney":"3000"},{"type":4,"typenum":"68105","typemoney":"200"},{"type":5,"typenum":"1276624","typemoney":"10"},{"type":6,"typenum":"13539444","typemoney":"5"},{"type":7,"typenum":"","typemoney":""}]},{"name":"双色球","code":"2016143","detailsLink":"/c/2016-12-06/407178.shtml","videoLink":"","date":"2016-12-06(二)","week":"二","red":"06,09,23,24,25,33","blue":"13","blue2":"","sales":"378923738","poolmoney":"1055352355","content":"黑龙江1注,上海1注,浙江1注,广西1注,深圳1注,共5注。其中复式投注为：黑龙江1注,深圳1注。","addmoney":"","addmoney2":"","zj1":"2","mj1":"14007647(含派奖5000000)","zj6":"5256190","mj6":"10(含派奖5)","msg":"下期一等奖派奖金额：49999972元。\n六等奖派奖奖金余额：20426330元。","z2add":"","m2add":"","prizegrades":[{"type":1,"typenum":"5","typemoney":"9007647"},{"type":2,"typenum":"143","typemoney":"175159"},{"type":3,"typenum":"1364","typemoney":"3000"},{"type":4,"typenum":"71278","typemoney":"200"},{"type":5,"typenum":"1321655","typemoney":"10"},{"type":6,"typenum":"10783461","typemoney":"5"},{"type":7,"typenum":"","typemoney":""}]},{"name":"双色球","code":"2016142","detailsLink":"/c/2016-12-04/407100.shtml","videoLink":"","date":"2016-12-04(日)","week":"日","red":"01,10,17,21,23,30","blue":"12","blue2":"","sales":"407120242","poolmoney":"1025247212","content":"黑龙江3注,浙江1注,福建2注,广东3注,青海2注,共11注。其中复式投注为：浙江1注,福建2注,广东1注。","addmoney":"","addmoney2":"","zj1":"4","mj1":"11818174(含派奖5000000)","zj6":"6418066","mj6":"10(含派奖5)","msg":"下期一等奖派奖金额：59999972元。\n六等奖派奖奖金余额：46707280元。","z2add":"","m2add":"","prizegrades":[{"type":1,"typenum":"11","typemoney":"6818174"},{"type":2,"typenum":"85","typemoney":"294116"},{"type":3,"typenum":"1361","typemoney":"3000"},{"type":4,"typenum":"68226","typemoney":"200"},{"type":5,"typenum":"1299520","typemoney":"10"},{"type":6,"typenum":"13753183","typemoney":"5"},{"type":7,"typenum":"","typemoney":""}]},{"name":"双色球","code":"2016141","detailsLink":"/c/2016-12-01/407069.shtml","videoLink":"","date":"2016-12-01(四)","week":"四","red":"04,13,15,17,21,24","blue":"15","blue2":"","sales":"371798444","poolmoney":"1025247440","content":"江苏1注,安徽1注,河南1注,广东1注,海南1注,云南1注,青海1注,共7注。其中复式投注为：江苏1注,河南1注,海南1注,青海1注。","addmoney":"","addmoney2":"","zj1":"4","mj1":"13186439(含派奖5000000)","zj6":"3842322","mj6":"10(含派奖5)","msg":"下期一等奖派奖金额：59999972元。\n六等奖派奖奖金余额：78797610元。","z2add":"","m2add":"","prizegrades":[{"type":1,"typenum":"7","typemoney":"8186439"},{"type":2,"typenum":"106","typemoney":"263031"},{"type":3,"typenum":"1155","typemoney":"3000"},{"type":4,"typenum":"61413","typemoney":"200"},{"type":5,"typenum":"1193527","typemoney":"10"},{"type":6,"typenum":"8594596","typemoney":"5"},{"type":7,"typenum":"","typemoney":""}]},{"name":"双色球","code":"2016140","detailsLink":"/c/2016-11-29/406996.shtml","videoLink":"","date":"2016-11-29(二)","week":"二","red":"01,02,05,17,26,32","blue":"10","blue2":"","sales":"360447386","poolmoney":"998908480","content":"浙江8注,福建1注,江西1注,山东2注,重庆2注,湖北1注,广东1注,共16注。其中复式投注为：福建1注,山东1注,广东1注。","addmoney":"","addmoney2":"","zj1":"3","mj1":"10846950(含派奖5000000)","zj6":"6849876","mj6":"10(含派奖5)","msg":"下期一等奖派奖金额：59999975元。\n六等奖派奖奖金余额：98009220元。","z2add":"","m2add":"","prizegrades":[{"type":1,"typenum":"16","typemoney":"5846950"},{"type":2,"typenum":"84","typemoney":"201654"},{"type":3,"typenum":"1758","typemoney":"3000"},{"type":4,"typenum":"89699","typemoney":"200"},{"type":5,"typenum":"1518954","typemoney":"10"},{"type":6,"typenum":"14091964","typemoney":"5"},{"type":7,"typenum":"","typemoney":""}]},{"name":"双色球","code":"2016139","detailsLink":"/c/2016-11-27/406930.shtml","videoLink":"","date":"2016-11-27(日)","week":"日","red":"01,06,19,26,28,30","blue":"03","blue2":"","sales":"395456724","poolmoney":"1041642655","content":"重庆1注,湖北1注,广东1注,海南1注,四川1注,共5注。其中复式投注为：重庆1注,广东1注,四川1注。","addmoney":"","addmoney2":"","zj1":"3","mj1":"14936561(含派奖5000000)","zj6":"3118262","mj6":"10(含派奖5)","msg":"下期一等奖派奖金额：54999977元。\n六等奖派奖奖金余额：132258600元。","z2add":"","m2add":"","prizegrades":[{"type":1,"typenum":"5","typemoney":"9936561"},{"type":2,"typenum":"94","typemoney":"328228"},{"type":3,"typenum":"1161","typemoney":"3000"},{"type":4,"typenum":"60280","typemoney":"200"},{"type":5,"typenum":"1234234","typemoney":"10"},{"type":6,"typenum":"8495682","typemoney":"5"},{"type":7,"typenum":"","typemoney":""}]},{"name":"双色球","code":"2016138","detailsLink":"/c/2016-11-24/406869.shtml","videoLink":"","date":"2016-11-24(四)","week":"四","red":"07,16,20,24,25,30","blue":"07","blue2":"","sales":"350229764","poolmoney":"998764932","content":"北京1注,辽宁1注,福建1注,湖南1注,广西1注,四川1注,贵州3注,云南1注,宁夏1注,深圳1注,共12注。其中复式投注为：北京1注,辽宁1注,福建1注,湖南1注,广西1注,四川1注,深圳1注。","addmoney":"","addmoney2":"","zj1":"7","mj1":"11052114(含派奖5000000)","zj6":"5584902","mj6":"10(含派奖5)","msg":"下期一等奖派奖金额：49999977元。\n六等奖派奖奖金余额：147849910元。","z2add":"","m2add":"","prizegrades":[{"type":1,"typenum":"12","typemoney":"6052114"},{"type":2,"typenum":"160","typemoney":"98635"},{"type":3,"typenum":"2423","typemoney":"3000"},{"type":4,"typenum":"107721","typemoney":"200"},{"type":5,"typenum":"1718631","typemoney":"10"},{"type":6,"typenum":"12497235","typemoney":"5"},{"type":7,"typenum":"","typemoney":""}]},{"name":"双色球","code":"2016137","detailsLink":"/c/2016-11-22/406824.shtml","videoLink":"","date":"2016-11-22(二)","week":"二","red":"01,06,09,10,15,32","blue":"14","blue2":"","sales":"339962622","poolmoney":"1024045140","content":"福建1注,重庆1注,广东1注,宁夏1注,共4注。其中复式投注为：福建1注,重庆1注,宁夏1注。","addmoney":"","addmoney2":"","zj1":"3","mj1":"14970303(含派奖5000000)","zj6":"3375475","mj6":"10(含派奖5)","msg":"下期一等奖派奖金额：64999979元。\n六等奖派奖奖金余额：175774420元。","z2add":"","m2add":"","prizegrades":[{"type":1,"typenum":"4","typemoney":"9970303"},{"type":2,"typenum":"90","typemoney":"276127"},{"type":3,"typenum":"1090","typemoney":"3000"},{"type":4,"typenum":"63885","typemoney":"200"},{"type":5,"typenum":"1370910","typemoney":"10"},{"type":6,"typenum":"7483904","typemoney":"5"},{"type":7,"typenum":"","typemoney":""}]},{"name":"双色球","code":"2016136","detailsLink":"/c/2016-11-20/406767.shtml","videoLink":"","date":"2016-11-20(日)","week":"日","red":"02,07,10,20,27,29","blue":"03","blue2":"","sales":"396457052","poolmoney":"989371808","content":"北京1注,辽宁1注,上海3注,湖北1注,广东1注,陕西1注,共8注。其中复式投注为：湖北1注,广东1注。","addmoney":"","addmoney2":"","zj1":"2","mj1":"12561764(含派奖5000000)","zj6":"4679336","mj6":"10(含派奖5)","msg":"下期一等奖派奖金额：59999980元。\n六等奖派奖奖金余额：192651795元。","z2add":"","m2add":"","prizegrades":[{"type":1,"typenum":"8","typemoney":"7561764"},{"type":2,"typenum":"117","typemoney":"218954"},{"type":3,"typenum":"1877","typemoney":"3000"},{"type":4,"typenum":"81173","typemoney":"200"},{"type":5,"typenum":"1494578","typemoney":"10"},{"type":6,"typenum":"10996400","typemoney":"5"},{"type":7,"typenum":"","typemoney":""}]},{"name":"双色球","code":"2016135","detailsLink":"/c/2016-11-17/406737.shtml","videoLink":"","date":"2016-11-17(四)","week":"四","red":"02,08,10,18,20,33","blue":"12","blue2":"","sales":"353219786","poolmoney":"973012992","content":"北京1注,河北7注,江苏2注,浙江1注,山东2注,河南3注,湖北1注,广东1注,广西1注,四川3注,云南1注,深圳1注,共24注。其中复式投注为：北京1注,江苏1注,河南1注,广东1注,云南1注。","addmoney":"","addmoney2":"","zj1":"5","mj1":"10536282(含派奖5000000)","zj6":"6325354","mj6":"10(含派奖5)","msg":"下期一等奖派奖金额：49999980元。\n六等奖派奖奖金余额：216048475元。","z2add":"","m2add":"","prizegrades":[{"type":1,"typenum":"24","typemoney":"5536282"},{"type":2,"typenum":"172","typemoney":"93537"},{"type":3,"typenum":"2419","typemoney":"3000"},{"type":4,"typenum":"99972","typemoney":"200"},{"type":5,"typenum":"1601151","typemoney":"10"},{"type":6,"typenum":"13092179","typemoney":"5"},{"type":7,"typenum":"","typemoney":""}]},{"name":"双色球","code":"2016134","detailsLink":"/c/2016-11-15/406698.shtml","videoLink":"","date":"2016-11-15(二)","week":"二","red":"11,12,13,14,18,33","blue":"13","blue2":"","sales":"356409344","poolmoney":"1057618368","content":"吉林1注,上海3注,浙江1注,广东2注,四川1注,共8注。其中复式投注为：吉林1注,浙江1注。","addmoney":"","addmoney2":"","zj1":"2","mj1":"12841027(含派奖5000000)","zj6":"3083715","mj6":"10(含派奖5)","msg":"下期一等奖派奖金额：54999984元。\n六等奖派奖奖金余额：247675245元。","z2add":"","m2add":"","prizegrades":[{"type":1,"typenum":"8","typemoney":"7841027"},{"type":2,"typenum":"107","typemoney":"265516"},{"type":3,"typenum":"897","typemoney":"3000"},{"type":4,"typenum":"48951","typemoney":"200"},{"type":5,"typenum":"995424","typemoney":"10"},{"type":6,"typenum":"7712809","typemoney":"5"},{"type":7,"typenum":"","typemoney":""}]},{"name":"双色球","code":"2016133","detailsLink":"/c/2016-11-13/406644.shtml","videoLink":"","date":"2016-11-13(日)","week":"日","red":"15,16,21,22,27,33","blue":"15","blue2":"","sales":"397601552","poolmoney":"1035115770","content":"河北2注,江苏2注,山东1注,重庆4注,河南7注,湖北4注,四川4注,宁夏1注,新疆1注,共26注。其中复式投注为：山东1注,河南2注,四川1注。","addmoney":"","addmoney2":"","zj1":"4","mj1":"10803188(含派奖5000000)","zj6":"5256160","mj6":"10(含派奖5)","msg":"下期一等奖派奖金额：44999984元。\n六等奖派奖奖金余额：263093820元。","z2add":"","m2add":"","prizegrades":[{"type":1,"typenum":"26","typemoney":"5803188"},{"type":2,"typenum":"242","typemoney":"107866"},{"type":3,"typenum":"1655","typemoney":"3000"},{"type":4,"typenum":"72521","typemoney":"200"},{"type":5,"typenum":"1296716","typemoney":"10"},{"type":6,"typenum":"11594772","typemoney":"5"},{"type":7,"typenum":"","typemoney":""}]},{"name":"双色球","code":"2016132","detailsLink":"/c/2016-11-10/406603.shtml","videoLink":"","date":"2016-11-10(四)","week":"四","red":"05,08,13,19,27,28","blue":"07","blue2":"","sales":"349399364","poolmoney":"1107687796","content":"天津1注,河北1注,辽宁1注,黑龙江6注,上海4注,江苏1注,浙江1注,安徽2注,山东4注,重庆1注,河南3注,湖北2注,湖南1注,广东2注,四川2注,云南1注,陕西1注,宁夏1注,新疆1注,深圳1注,共37注。其中复式投注为：天津1注,黑龙江1注,上海2注,江苏1注,安徽1注,重庆1注,河南3注,湖南1注,广东1注,四川1注,陕西1注,宁夏1注,深圳1注。","addmoney":"","addmoney2":"","zj1":"16","mj1":"10063186(含派奖5000000)","zj6":"8180507","mj6":"10(含派奖5)","msg":"下期一等奖派奖金额：44999984元。\n六等奖派奖奖金余额：289374620元。","z2add":"","m2add":"","prizegrades":[{"type":1,"typenum":"37","typemoney":"5063186"},{"type":2,"typenum":"358","typemoney":"8163"},{"type":3,"typenum":"5300","typemoney":"3000"},{"type":4,"typenum":"178481","typemoney":"200"},{"type":5,"typenum":"2260294","typemoney":"10"},{"type":6,"typenum":"17063416","typemoney":"5"},{"type":7,"typenum":"","typemoney":""}]},{"name":"双色球","code":"2016131","detailsLink":"/c/2016-11-08/406494.shtml","videoLink":"","date":"2016-11-08(二)","week":"二","red":"04,10,18,19,25,27","blue":"02","blue2":"","sales":"341425796","poolmoney":"1286258608","content":"河北1注,江苏1注,安徽1注,新疆1注,共4注。其中复式投注为：河北1注,江苏1注,新疆1注。","addmoney":"","addmoney2":"","zj1":"3","mj1":"14353816(含派奖5000000)","zj6":"4457511","mj6":"10(含派奖5)","msg":"下期一等奖派奖金额：104999996元。\n六等奖派奖奖金余额：330277155元。","z2add":"","m2add":"","prizegrades":[{"type":1,"typenum":"4","typemoney":"9353816"},{"type":2,"typenum":"112","typemoney":"194366"},{"type":3,"typenum":"1314","typemoney":"3000"},{"type":4,"typenum":"73150","typemoney":"200"},{"type":5,"typenum":"1397997","typemoney":"10"},{"type":6,"typenum":"9534069","typemoney":"5"},{"type":7,"typenum":"","typemoney":""}]},{"name":"双色球","code":"2016130","detailsLink":"/c/2016-11-06/406448.shtml","videoLink":"","date":"2016-11-06(日)","week":"日","red":"03,17,21,23,27,28","blue":"01","blue2":"","sales":"389013348","poolmoney":"1258366632","content":"北京1注,江苏1注,浙江2注,福建1注,广西1注,四川1注,新疆1注,共8注。其中复式投注为：北京1注,福建1注。","addmoney":"","addmoney2":"","zj1":"2","mj1":"12792864(含派奖5000000)","zj6":"4301177","mj6":"10(含派奖5)","msg":"下期一等奖派奖金额：99999996元。\n六等奖派奖奖金余额：352564710元。","z2add":"","m2add":"","prizegrades":[{"type":1,"typenum":"8","typemoney":"7792864"},{"type":2,"typenum":"88","typemoney":"317370"},{"type":3,"typenum":"1214","typemoney":"3000"},{"type":4,"typenum":"64648","typemoney":"200"},{"type":5,"typenum":"1330087","typemoney":"10"},{"type":6,"typenum":"9805897","typemoney":"5"},{"type":7,"typenum":"","typemoney":""}]},{"name":"双色球","code":"2016129","detailsLink":"/c/2016-11-03/406402.shtml","videoLink":"","date":"2016-11-03(四)","week":"四","red":"05,06,08,21,31,33","blue":"14","blue2":"","sales":"356293078","poolmoney":"1236923614","content":"湖北1注,广东1注,共2注。其中复式投注为：0注。","addmoney":"","addmoney2":"","zj1":"0","mj1":"0(含派奖0)","zj6":"2933087","mj6":"10(含派奖5)","msg":"下期一等奖派奖金额：89999996元。\n六等奖派奖奖金余额：374070595元。","z2add":"","m2add":"","prizegrades":[{"type":1,"typenum":"2","typemoney":"10000000"},{"type":2,"typenum":"107","typemoney":"263616"},{"type":3,"typenum":"1008","typemoney":"3000"},{"type":4,"typenum":"55664","typemoney":"200"},{"type":5,"typenum":"1182559","typemoney":"10"},{"type":6,"typenum":"7154660","typemoney":"5"},{"type":7,"typenum":"","typemoney":""}]},{"name":"双色球","code":"2016128","detailsLink":"/c/2016-11-01/406370.shtml","videoLink":"","date":"2016-11-01(二)","week":"二","red":"04,09,11,17,26,27","blue":"13","blue2":"","sales":"346505806","poolmoney":"1172302677","content":"河北1注,黑龙江5注,江苏1注,浙江1注,安徽1注,福建1注,江西1注,广西5注,四川1注,共17注。其中复式投注为：江苏1注,浙江1注,安徽1注,四川1注。","addmoney":"","addmoney2":"","zj1":"4","mj1":"11039764(含派奖5000000)","zj6":"3655426","mj6":"10(含派奖5)","msg":"下期一等奖派奖金额：69999996元。\n六等奖派奖奖金余额：388736030元。","z2add":"","m2add":"","prizegrades":[{"type":1,"typenum":"17","typemoney":"6039764"},{"type":2,"typenum":"216","typemoney":"102291"},{"type":3,"typenum":"1788","typemoney":"3000"},{"type":4,"typenum":"86126","typemoney":"200"},{"type":5,"typenum":"1559473","typemoney":"10"},{"type":6,"typenum":"8644782","typemoney":"5"},{"type":7,"typenum":"","typemoney":""}]},{"name":"双色球","code":"2016127","detailsLink":"/c/2016-10-30/406325.shtml","videoLink":"","date":"2016-10-30(日)","week":"日","red":"07,12,17,26,29,31","blue":"16","blue2":"","sales":"377635784","poolmoney":"1208693682","content":"河北1注,山东1注,海南1注,共3注。其中复式投注为：山东1注,海南1注。","addmoney":"","addmoney2":"","zj1":"2","mj1":"15000000(含派奖5000000)","zj6":"3507797","mj6":"10(含派奖5)","msg":"下期一等奖派奖金额：69999998元。\n六等奖派奖奖金余额：407013160元。","z2add":"","m2add":"","prizegrades":[{"type":1,"typenum":"3","typemoney":"10000000"},{"type":2,"typenum":"127","typemoney":"219909"},{"type":3,"typenum":"1019","typemoney":"3000"},{"type":4,"typenum":"63501","typemoney":"200"},{"type":5,"typenum":"1329019","typemoney":"10"},{"type":6,"typenum":"8856059","typemoney":"5"},{"type":7,"typenum":"","typemoney":""}]},{"name":"双色球","code":"2016126","detailsLink":"/c/2016-10-27/406302.shtml","videoLink":"","date":"2016-10-27(四)","week":"四","red":"02,06,12,17,18,19","blue":"10","blue2":"","sales":"347402822","poolmoney":"1154908300","content":"浙江1注,山东1注,河南1注,宁夏1注,共4注。其中复式投注为：河南1注。","addmoney":"","addmoney2":"","zj1":"1","mj1":"15000000(含派奖5000000)","zj6":"2629397","mj6":"10(含派奖5)","msg":"下期一等奖派奖金额：59999999元。\n六等奖派奖奖金余额：424552145元。","z2add":"","m2add":"","prizegrades":[{"type":1,"typenum":"4","typemoney":"10000000"},{"type":2,"typenum":"182","typemoney":"141981"},{"type":3,"typenum":"1135","typemoney":"3000"},{"type":4,"typenum":"66832","typemoney":"200"},{"type":5,"typenum":"1302078","typemoney":"10"},{"type":6,"typenum":"7414568","typemoney":"5"},{"type":7,"typenum":"","typemoney":""}]},{"name":"双色球","code":"2016125","detailsLink":"/c/2016-10-25/406275.shtml","videoLink":"","date":"2016-10-25(二)","week":"二","red":"01,06,08,20,27,30","blue":"03","blue2":"","sales":"346147358","poolmoney":"1117386530","content":"辽宁1注,浙江2注,江西1注,重庆1注,河南1注,湖北1注,甘肃3注,共10注。其中复式投注为：浙江1注,江西1注,湖北1注。","addmoney":"","addmoney2":"","zj1":"3","mj1":"10815990(含派奖5000000)","zj6":"7930751","mj6":"10(含派奖5)","msg":"下期一等奖派奖金额：44999999元。\n六等奖派奖奖金余额：437699130元。","z2add":"","m2add":"","prizegrades":[{"type":1,"typenum":"10","typemoney":"5815990"},{"type":2,"typenum":"94","typemoney":"108509"},{"type":3,"typenum":"2291","typemoney":"3000"},{"type":4,"typenum":"103685","typemoney":"200"},{"type":5,"typenum":"1696067","typemoney":"10"},{"type":6,"typenum":"16848406","typemoney":"5"},{"type":7,"typenum":"","typemoney":""}]},{"name":"双色球","code":"2016124","detailsLink":"/c/2016-10-23/406219.shtml","videoLink":"","date":"2016-10-23(日)","week":"日","red":"09,15,21,24,27,32","blue":"10","blue2":"","sales":"370331346","poolmoney":"1144946805","content":"山东1注,湖北1注,云南1注,西藏1注,陕西1注,共5注。其中复式投注为：0注。","addmoney":"","addmoney2":"","zj1":"0","mj1":"0(含派奖0)","zj6":"4529423","mj6":"10(含派奖5)","msg":"下期一等奖派奖金额：40000000元。\n六等奖派奖奖金余额：477352885元。","z2add":"","m2add":"","prizegrades":[{"type":1,"typenum":"5","typemoney":"8691225"},{"type":2,"typenum":"120","typemoney":"192251"},{"type":3,"typenum":"1393","typemoney":"3000"},{"type":4,"typenum":"66223","typemoney":"200"},{"type":5,"typenum":"1205902","typemoney":"10"},{"type":6,"typenum":"11939818","typemoney":"5"},{"type":7,"typenum":"","typemoney":""}]},{"name":"双色球","code":"2016123","detailsLink":"/c/2016-10-20/406190.shtml","videoLink":"","date":"2016-10-20(四)","week":"四","red":"07,09,12,14,20,27","blue":"16","blue2":"","sales":"305299416","poolmoney":"1119192450","content":"上海1注,重庆1注,广西1注,共3注。","addmoney":"","addmoney2":"","msg":"下期一等奖派奖金额：20000000元。\n六等奖派奖奖金余额：500000000元。","z2add":"","m2add":"","prizegrades":[{"type":1,"typenum":"3","typemoney":"10000000"},{"type":2,"typenum":"191","typemoney":"104821"},{"type":3,"typenum":"1554","typemoney":"3000"},{"type":4,"typenum":"81320","typemoney":"200"},{"type":5,"typenum":"1482881","typemoney":"10"},{"type":6,"typenum":"6751623","typemoney":"5"},{"type":7,"typenum":"","typemoney":""}]},{"name":"双色球","code":"2016122","detailsLink":"/c/2016-10-18/406121.shtml","videoLink":"","date":"2016-10-18(二)","week":"二","red":"15,22,23,24,28,29","blue":"08","blue2":"","sales":"305059324","poolmoney":"1089129612","content":"浙江1注,安徽1注,重庆2注,湖南1注,广东1注,共6注。","addmoney":"","addmoney2":"","msg":"","z2add":"","m2add":"","prizegrades":[{"type":1,"typenum":"6","typemoney":"7245796"},{"type":2,"typenum":"96","typemoney":"175452"},{"type":3,"typenum":"1233","typemoney":"3000"},{"type":4,"typenum":"60510","typemoney":"200"},{"type":5,"typenum":"1148924","typemoney":"10"},{"type":6,"typenum":"10962986","typemoney":"5"},{"type":7,"typenum":"","typemoney":""}]},{"name":"双色球","code":"2016121","detailsLink":"/c/2016-10-16/406074.shtml","videoLink":"","date":"2016-10-16(日)","week":"日","red":"02,03,10,23,25,28","blue":"09","blue2":"","sales":"340006950","poolmoney":"1082073970","content":"吉林1注,江苏1注,山东1注,湖南1注,宁夏1注,共5注。","addmoney":"","addmoney2":"","msg":"","z2add":"","m2add":"","prizegrades":[{"type":1,"typenum":"5","typemoney":"8817083"},{"type":2,"typenum":"106","typemoney":"225063"},{"type":3,"typenum":"1067","typemoney":"3000"},{"type":4,"typenum":"59886","typemoney":"200"},{"type":5,"typenum":"1145998","typemoney":"10"},{"type":6,"typenum":"8907629","typemoney":"5"},{"type":7,"typenum":"","typemoney":""}]},{"name":"双色球","code":"2016120","detailsLink":"/c/2016-10-13/406032.shtml","videoLink":"","date":"2016-10-13(四)","week":"四","red":"02,05,06,21,25,28","blue":"09","blue2":"","sales":"309329228","poolmoney":"1054589076","content":"北京1注,内蒙古1注,辽宁1注,上海1注,湖北1注,云南1注,共6注。","addmoney":"","addmoney2":"","msg":"","z2add":"","m2add":"","prizegrades":[{"type":1,"typenum":"6","typemoney":"7457159"},{"type":2,"typenum":"139","typemoney":"132580"},{"type":3,"typenum":"1369","typemoney":"3000"},{"type":4,"typenum":"64234","typemoney":"200"},{"type":5,"typenum":"1194223","typemoney":"10"},{"type":6,"typenum":"9792101","typemoney":"5"},{"type":7,"typenum":"","typemoney":""}]},{"name":"双色球","code":"2016119","detailsLink":"/c/2016-10-11/405986.shtml","videoLink":"","date":"2016-10-11(二)","week":"二","red":"09,19,21,30,31,32","blue":"04","blue2":"","sales":"302415052","poolmoney":"1044045944","content":"河北1注,内蒙古1注,浙江1注,安徽1注,共4注。","addmoney":"","addmoney2":"","msg":"","z2add":"","m2add":"","prizegrades":[{"type":1,"typenum":"4","typemoney":"9261565"},{"type":2,"typenum":"353","typemoney":"60362"},{"type":3,"typenum":"1233","typemoney":"3000"},{"type":4,"typenum":"61363","typemoney":"200"},{"type":5,"typenum":"1161255","typemoney":"10"},{"type":6,"typenum":"7073582","typemoney":"5"},{"type":7,"typenum":"","typemoney":""}]},{"name":"双色球","code":"2016118","detailsLink":"/c/2016-10-09/405920.shtml","videoLink":"","date":"2016-10-09(日)","week":"日","red":"09,14,22,23,31,33","blue":"14","blue2":"","sales":"338792784","poolmoney":"1017168724","content":"黑龙江1注,上海1注,浙江1注,安徽1注,共4注。","addmoney":"","addmoney2":"","msg":"","z2add":"","m2add":"","prizegrades":[{"type":1,"typenum":"4","typemoney":"10000000"},{"type":2,"typenum":"97","typemoney":"293175"},{"type":3,"typenum":"811","typemoney":"3000"},{"type":4,"typenum":"41136","typemoney":"200"},{"type":5,"typenum":"846668","typemoney":"10"},{"type":6,"typenum":"6625872","typemoney":"5"},{"type":7,"typenum":"","typemoney":""}]},{"name":"双色球","code":"2016117","detailsLink":"/c/2016-10-06/405850.shtml","videoLink":"","date":"2016-10-06(四)","week":"四","red":"03,10,14,17,28,33","blue":"02","blue2":"","sales":"281128494","poolmoney":"971854560","content":"北京1注,内蒙古2注,上海2注,安徽1注,重庆1注,湖南1注,广东2注,贵州1注,新疆1注,共12注。","addmoney":"","addmoney2":"","msg":"","z2add":"","m2add":"","prizegrades":[{"type":1,"typenum":"12","typemoney":"6037315"},{"type":2,"typenum":"167","typemoney":"93172"},{"type":3,"typenum":"1921","typemoney":"3000"},{"type":4,"typenum":"75474","typemoney":"200"},{"type":5,"typenum":"1201455","typemoney":"10"},{"type":6,"typenum":"8528336","typemoney":"5"},{"type":7,"typenum":"","typemoney":""}]},{"name":"双色球","code":"2016116","detailsLink":"/c/2016-10-04/405840.shtml","videoLink":"","date":"2016-10-04(二)","week":"二","red":"07,18,20,23,27,31","blue":"13","blue2":"","sales":"268669114","poolmoney":"997623156","content":"江苏1注,重庆1注,湖北1注,甘肃3注,共6注。","addmoney":"","addmoney2":"","msg":"","z2add":"","m2add":"","prizegrades":[{"type":1,"typenum":"6","typemoney":"7593721"},{"type":2,"typenum":"52","typemoney":"374094"},{"type":3,"typenum":"765","typemoney":"3000"},{"type":4,"typenum":"42434","typemoney":"200"},{"type":5,"typenum":"870071","typemoney":"10"},{"type":6,"typenum":"6870742","typemoney":"5"},{"type":7,"typenum":"","typemoney":""}]},{"name":"双色球","code":"2016115","detailsLink":"/c/2016-10-02/405830.shtml","videoLink":"","date":"2016-10-02(日)","week":"日","red":"06,08,20,22,26,27","blue":"09","blue2":"","sales":"307770194","poolmoney":"984826752","content":"辽宁1注,吉林1注,江苏1注,浙江2注,山东3注,河南1注,广东2注,广西1注,陕西1注,共13注。","addmoney":"","addmoney2":"","msg":"","z2add":"","m2add":"","prizegrades":[{"type":1,"typenum":"13","typemoney":"6239088"},{"type":2,"typenum":"62","typemoney":"324761"},{"type":3,"typenum":"1052","typemoney":"3000"},{"type":4,"typenum":"59791","typemoney":"200"},{"type":5,"typenum":"1114741","typemoney":"10"},{"type":6,"typenum":"8801009","typemoney":"5"},{"type":7,"typenum":"","typemoney":""}]},{"name":"双色球","code":"2016114","detailsLink":"/c/2016-09-29/405769.shtml","videoLink":"","date":"2016-09-29(四)","week":"四","red":"05,16,20,22,27,29","blue":"09","blue2":"","sales":"300350554","poolmoney":"1005529350","content":"北京2注,辽宁1注,上海1注,江苏1注,浙江1注,安徽1注,广东10注,陕西2注,新疆1注,深圳1注,共21注。","addmoney":"","addmoney2":"","msg":"","z2add":"","m2add":"","prizegrades":[{"type":1,"typenum":"21","typemoney":"5225680"},{"type":2,"typenum":"103","typemoney":"57515"},{"type":3,"typenum":"3277","typemoney":"3000"},{"type":4,"typenum":"128407","typemoney":"200"},{"type":5,"typenum":"1900718","typemoney":"10"},{"type":6,"typenum":"13791142","typemoney":"5"},{"type":7,"typenum":"","typemoney":""}]},{"name":"双色球","code":"2016113","detailsLink":"/c/2016-09-27/405720.shtml","videoLink":"","date":"2016-09-27(二)","week":"二","red":"01,11,16,17,20,26","blue":"14","blue2":"","sales":"301675518","poolmoney":"1097496306","content":"北京1注,辽宁1注,山东1注,重庆1注,湖北1注,陕西1注,共6注。","addmoney":"","addmoney2":"","msg":"","z2add":"","m2add":"","prizegrades":[{"type":1,"typenum":"6","typemoney":"7750731"},{"type":2,"typenum":"95","typemoney":"217162"},{"type":3,"typenum":"1293","typemoney":"3000"},{"type":4,"typenum":"64603","typemoney":"200"},{"type":5,"typenum":"1227039","typemoney":"10"},{"type":6,"typenum":"7245815","typemoney":"5"},{"type":7,"typenum":"","typemoney":""}]},{"name":"双色球","code":"2016112","detailsLink":"/c/2016-09-25/405639.shtml","videoLink":"","date":"2016-09-25(日)","week":"日","red":"06,12,14,15,18,25","blue":"12","blue2":"","sales":"339124224","poolmoney":"1082109240","content":"辽宁1注,吉林1注,黑龙江1注,江苏2注,湖北1注,深圳2注,共8注。","addmoney":"","addmoney2":"","msg":"","z2add":"","m2add":"","prizegrades":[{"type":1,"typenum":"8","typemoney":"6869523"},{"type":2,"typenum":"105","typemoney":"178049"},{"type":3,"typenum":"1711","typemoney":"3000"},{"type":4,"typenum":"79274","typemoney":"200"},{"type":5,"typenum":"1390410","typemoney":"10"},{"type":6,"typenum":"11299602","typemoney":"5"},{"type":7,"typenum":"","typemoney":""}]},{"name":"双色球","code":"2016111","detailsLink":"/c/2016-09-22/405596.shtml","videoLink":"","date":"2016-09-22(四)","week":"四","red":"02,04,07,14,15,32","blue":"04","blue2":"","sales":"310894592","poolmoney":"1080979719","content":"黑龙江1注,广西1注,贵州1注,共3注。","addmoney":"","addmoney2":"","msg":"","z2add":"","m2add":"","prizegrades":[{"type":1,"typenum":"3","typemoney":"10000000"},{"type":2,"typenum":"68","typemoney":"362286"},{"type":3,"typenum":"1057","typemoney":"3000"},{"type":4,"typenum":"44252","typemoney":"200"},{"type":5,"typenum":"879232","typemoney":"10"},{"type":6,"typenum":"6596527","typemoney":"5"},{"type":7,"typenum":"","typemoney":""}]},{"name":"双色球","code":"2016110","detailsLink":"/c/2016-09-20/405529.shtml","videoLink":"","date":"2016-09-20(二)","week":"二","red":"05,07,28,31,32,33","blue":"08","blue2":"","sales":"306664040","poolmoney":"1037073225","content":"上海1注,浙江1注,山东1注,湖南1注,贵州1注,共5注。","addmoney":"","addmoney2":"","msg":"","z2add":"","m2add":"","prizegrades":[{"type":1,"typenum":"5","typemoney":"7249839"},{"type":2,"typenum":"55","typemoney":"255663"},{"type":3,"typenum":"1231","typemoney":"3000"},{"type":4,"typenum":"62786","typemoney":"200"},{"type":5,"typenum":"1133745","typemoney":"10"},{"type":6,"typenum":"13286347","typemoney":"5"},{"type":7,"typenum":"","typemoney":""}]},{"name":"双色球","code":"2016109","detailsLink":"/c/2016-09-18/405457.shtml","videoLink":"","date":"2016-09-18(日)","week":"日","red":"09,11,15,16,27,33","blue":"05","blue2":"","sales":"339043452","poolmoney":"1031137928","content":"上海1注,福建1注,山东1注,湖北3注,四川1注,深圳1注,共8注。","addmoney":"","addmoney2":"","msg":"","z2add":"","m2add":"","prizegrades":[{"type":1,"typenum":"8","typemoney":"6719240"},{"type":2,"typenum":"93","typemoney":"184864"},{"type":3,"typenum":"1895","typemoney":"3000"},{"type":4,"typenum":"83484","typemoney":"200"},{"type":5,"typenum":"1470824","typemoney":"10"},{"type":6,"typenum":"12054330","typemoney":"5"},{"type":7,"typenum":"","typemoney":""}]},{"name":"双色球","code":"2016108","detailsLink":"/c/2016-09-15/405415.shtml","videoLink":"","date":"2016-09-15(四)","week":"四","red":"02,03,07,08,19,26","blue":"16","blue2":"","sales":"278530656","poolmoney":"1033314654","content":"辽宁1注,上海1注,浙江1注,安徽1注,河南2注,共6注。","addmoney":"","addmoney2":"","msg":"","z2add":"","m2add":"","prizegrades":[{"type":1,"typenum":"6","typemoney":"7828306"},{"type":2,"typenum":"174","typemoney":"121909"},{"type":3,"typenum":"1044","typemoney":"3000"},{"type":4,"typenum":"59523","typemoney":"200"},{"type":5,"typenum":"1164049","typemoney":"10"},{"type":6,"typenum":"4990750","typemoney":"5"},{"type":7,"typenum":"","typemoney":""}]},{"name":"双色球","code":"2016107","detailsLink":"/c/2016-09-13/405374.shtml","videoLink":"","date":"2016-09-13(二)","week":"二","red":"06,11,18,26,27,32","blue":"01","blue2":"","sales":"295842288","poolmoney":"1016647606","content":"吉林1注,上海1注,江苏1注,安徽1注,广西2注,陕西7注,共13注。","addmoney":"","addmoney2":"","msg":"","z2add":"","m2add":"","prizegrades":[{"type":1,"typenum":"13","typemoney":"6252404"},{"type":2,"typenum":"230","typemoney":"88485"},{"type":3,"typenum":"1344","typemoney":"3000"},{"type":4,"typenum":"67680","typemoney":"200"},{"type":5,"typenum":"1186566","typemoney":"10"},{"type":6,"typenum":"6824560","typemoney":"5"},{"type":7,"typenum":"","typemoney":""}]},{"name":"双色球","code":"2016106","detailsLink":"/c/2016-09-11/405316.shtml","videoLink":"","date":"2016-09-11(日)","week":"日","red":"04,05,13,22,25,30","blue":"04","blue2":"","sales":"329967722","poolmoney":"1036874166","content":"北京1注,江苏1注,浙江1注,湖南1注,广西1注,新疆1注,共6注。","addmoney":"","addmoney2":"","msg":"","z2add":"","m2add":"","prizegrades":[{"type":1,"typenum":"6","typemoney":"8341196"},{"type":2,"typenum":"119","typemoney":"210579"},{"type":3,"typenum":"904","typemoney":"3000"},{"type":4,"typenum":"52216","typemoney":"200"},{"type":5,"typenum":"1028518","typemoney":"10"},{"type":6,"typenum":"7601579","typemoney":"5"},{"type":7,"typenum":"","typemoney":""}]},{"name":"双色球","code":"2016105","detailsLink":"/c/2016-09-08/405301.shtml","videoLink":"","date":"2016-09-08(四)","week":"四","red":"08,10,19,27,28,31","blue":"16","blue2":"","sales":"304435234","poolmoney":"1011744422","content":"北京1注,辽宁1注,浙江2注,湖北5注,贵州1注,陕西1注,甘肃1注,新疆1注,共13注。","addmoney":"","addmoney2":"","msg":"","z2add":"","m2add":"","prizegrades":[{"type":1,"typenum":"13","typemoney":"6419550"},{"type":2,"typenum":"153","typemoney":"150769"},{"type":3,"typenum":"1038","typemoney":"3000"},{"type":4,"typenum":"58194","typemoney":"200"},{"type":5,"typenum":"1156103","typemoney":"10"},{"type":6,"typenum":"6117728","typemoney":"5"},{"type":7,"typenum":"","typemoney":""}]},{"name":"双色球","code":"2016104","detailsLink":"/c/2016-09-06/405236.shtml","videoLink":"","date":"2016-09-06(二)","week":"二","red":"05,09,11,18,30,31","blue":"04","blue2":"","sales":"304391928","poolmoney":"1025995488","content":"安徽1注,福建1注,共2注。","addmoney":"","addmoney2":"","msg":"","z2add":"","m2add":"","prizegrades":[{"type":1,"typenum":"2","typemoney":"10000000"},{"type":2,"typenum":"72","typemoney":"319307"},{"type":3,"typenum":"849","typemoney":"3000"},{"type":4,"typenum":"51243","typemoney":"200"},{"type":5,"typenum":"1051840","typemoney":"10"},{"type":6,"typenum":"6775477","typemoney":"5"},{"type":7,"typenum":"","typemoney":""}]},{"name":"双色球","code":"2016103","detailsLink":"/c/2016-09-04/405172.shtml","videoLink":"","date":"2016-09-04(日)","week":"日","red":"01,05,13,19,24,27","blue":"11","blue2":"","sales":"334526552","poolmoney":"977024997","content":"上海1注,福建1注,河南1注,湖北1注,广东1注,贵州1注,陕西6注,甘肃1注,共13注。","addmoney":"","addmoney2":"","msg":"","z2add":"","m2add":"","prizegrades":[{"type":1,"typenum":"13","typemoney":"5957211"},{"type":2,"typenum":"116","typemoney":"134092"},{"type":3,"typenum":"1750","typemoney":"3000"},{"type":4,"typenum":"70675","typemoney":"200"},{"type":5,"typenum":"1228108","typemoney":"10"},{"type":6,"typenum":"14006635","typemoney":"5"},{"type":7,"typenum":"","typemoney":""}]},{"name":"双色球","code":"2016102","detailsLink":"/c/2016-09-01/405115.shtml","videoLink":"","date":"2016-09-01(四)","week":"四","red":"05,08,10,14,17,30","blue":"13","blue2":"","sales":"304528374","poolmoney":"1007804693","content":"内蒙古1注,江西1注,湖北1注,湖南1注,广东2注,四川1注,共7注。","addmoney":"","addmoney2":"","msg":"","z2add":"","m2add":"","prizegrades":[{"type":1,"typenum":"7","typemoney":"6951119"},{"type":2,"typenum":"339","typemoney":"50360"},{"type":3,"typenum":"2536","typemoney":"3000"},{"type":4,"typenum":"84574","typemoney":"200"},{"type":5,"typenum":"1305931","typemoney":"10"},{"type":6,"typenum":"8669519","typemoney":"5"},{"type":7,"typenum":"","typemoney":""}]},{"name":"双色球","code":"2016101","detailsLink":"/c/2016-08-30/405043.shtml","videoLink":"","date":"2016-08-30(二)","week":"二","red":"01,03,19,24,32,33","blue":"01","blue2":"","sales":"303829992","poolmoney":"1005245634","content":"上海1注,海南1注,云南1注,共3注。","addmoney":"","addmoney2":"","msg":"","z2add":"","m2add":"","prizegrades":[{"type":1,"typenum":"3","typemoney":"10000000"},{"type":2,"typenum":"45","typemoney":"555671"},{"type":3,"typenum":"690","typemoney":"3000"},{"type":4,"typenum":"40929","typemoney":"200"},{"type":5,"typenum":"798856","typemoney":"10"},{"type":6,"typenum":"6122308","typemoney":"5"},{"type":7,"typenum":"","typemoney":""}]},{"name":"双色球","code":"2016100","detailsLink":"/c/2016-08-28/404999.shtml","videoLink":"","date":"2016-08-28(日)","week":"日","red":"03,10,22,23,27,29","blue":"04","blue2":"","sales":"335027586","poolmoney":"960230040","content":"天津1注,江西1注,广东1注,贵州1注,共4注。","addmoney":"","addmoney2":"","msg":"","z2add":"","m2add":"","prizegrades":[{"type":1,"typenum":"4","typemoney":"9565716"},{"type":2,"typenum":"87","typemoney":"262397"},{"type":3,"typenum":"1349","typemoney":"3000"},{"type":4,"typenum":"66882","typemoney":"200"},{"type":5,"typenum":"1263132","typemoney":"10"},{"type":6,"typenum":"8558894","typemoney":"5"},{"type":7,"typenum":"","typemoney":""}]},{"name":"双色球","code":"2016099","detailsLink":"/c/2016-08-25/404960.shtml","videoLink":"","date":"2016-08-25(四)","week":"四","red":"01,11,21,23,27,33","blue":"06","blue2":"","sales":"300016648","poolmoney":"930007164","content":"江苏1注,福建1注,江西1注,四川1注,共4注。","addmoney":"","addmoney2":"","msg":"","z2add":"","m2add":"","prizegrades":[{"type":1,"typenum":"4","typemoney":"8811192"},{"type":2,"typenum":"111","typemoney":"171675"},{"type":3,"typenum":"1219","typemoney":"3000"},{"type":4,"typenum":"64088","typemoney":"200"},{"type":5,"typenum":"1113248","typemoney":"10"},{"type":6,"typenum":"8635446","typemoney":"5"},{"type":7,"typenum":"","typemoney":""}]},{"name":"双色球","code":"2016098","detailsLink":"/c/2016-08-23/404823.shtml","videoLink":"","date":"2016-08-23(二)","week":"二","red":"02,08,25,29,31,32","blue":"06","blue2":"","sales":"296350008","poolmoney":"908084049","content":"湖南2注,海南1注,共3注。","addmoney":"","addmoney2":"","msg":"","z2add":"","m2add":"","prizegrades":[{"type":1,"typenum":"3","typemoney":"9434877"},{"type":2,"typenum":"63","typemoney":"263980"},{"type":3,"typenum":"1265","typemoney":"3000"},{"type":4,"typenum":"60410","typemoney":"200"},{"type":5,"typenum":"1152579","typemoney":"10"},{"type":6,"typenum":"10257110","typemoney":"5"},{"type":7,"typenum":"","typemoney":""}]},{"name":"双色球","code":"2016097","detailsLink":"/c/2016-08-21/404742.shtml","videoLink":"","date":"2016-08-21(日)","week":"日","red":"06,13,25,26,28,31","blue":"01","blue2":"","sales":"327274678","poolmoney":"886496310","content":"山西1注,江西1注,山东2注,湖北1注,湖南1注,广东2注,广西1注,共9注。","addmoney":"","addmoney2":"","msg":"","z2add":"","m2add":"","prizegrades":[{"type":1,"typenum":"9","typemoney":"6754677"},{"type":2,"typenum":"101","typemoney":"195446"},{"type":3,"typenum":"1287","typemoney":"3000"},{"type":4,"typenum":"63983","typemoney":"200"},{"type":5,"typenum":"1203096","typemoney":"10"},{"type":6,"typenum":"10543110","typemoney":"5"},{"type":7,"typenum":"","typemoney":""}]},{"name":"双色球","code":"2016096","detailsLink":"/c/2016-08-18/404690.shtml","videoLink":"","date":"2016-08-18(四)","week":"四","red":"06,13,14,21,22,24","blue":"16","blue2":"","sales":"296887214","poolmoney":"888068045","content":"黑龙江1注,福建2注,陕西1注,深圳1注,共5注。","addmoney":"","addmoney2":"","msg":"","z2add":"","m2add":"","prizegrades":[{"type":1,"typenum":"5","typemoney":"8412890"},{"type":2,"typenum":"110","typemoney":"193914"},{"type":3,"typenum":"993","typemoney":"3000"},{"type":4,"typenum":"47174","typemoney":"200"},{"type":5,"typenum":"925886","typemoney":"10"},{"type":6,"typenum":"7695961","typemoney":"5"},{"type":7,"typenum":"","typemoney":""}]},{"name":"双色球","code":"2016095","detailsLink":"/c/2016-08-16/404599.shtml","videoLink":"","date":"2016-08-16(二)","week":"二","red":"01,05,09,12,18,32","blue":"12","blue2":"","sales":"297413702","poolmoney":"866140800","content":"浙江1注,福建1注,广东2注,云南2注,深圳1注,共7注。","addmoney":"","addmoney2":"","msg":"","z2add":"","m2add":"","prizegrades":[{"type":1,"typenum":"7","typemoney":"7075631"},{"type":2,"typenum":"73","typemoney":"248791"},{"type":3,"typenum":"1409","typemoney":"3000"},{"type":4,"typenum":"65989","typemoney":"200"},{"type":5,"typenum":"1186916","typemoney":"10"},{"type":6,"typenum":"8758330","typemoney":"5"},{"type":7,"typenum":"","typemoney":""}]},{"name":"双色球","code":"2016094","detailsLink":"/c/2016-08-14/404539.shtml","videoLink":"","date":"2016-08-14(日)","week":"日","red":"06,07,10,12,18,31","blue":"10","blue2":"","sales":"324311584","poolmoney":"861184896","content":"安徽1注,广东1注,陕西1注,深圳1注,共4注。","addmoney":"","addmoney2":"","msg":"","z2add":"","m2add":"","prizegrades":[{"type":1,"typenum":"4","typemoney":"8445845"},{"type":2,"typenum":"83","typemoney":"207581"},{"type":3,"typenum":"1737","typemoney":"3000"},{"type":4,"typenum":"85930","typemoney":"200"},{"type":5,"typenum":"1511757","typemoney":"10"},{"type":6,"typenum":"10496239","typemoney":"5"},{"type":7,"typenum":"","typemoney":""}]},{"name":"双色球","code":"2016093","detailsLink":"/c/2016-08-11/404483.shtml","videoLink":"","date":"2016-08-11(四)","week":"四","red":"06,09,15,17,25,27","blue":"09","blue2":"","sales":"298416216","poolmoney":"843280596","content":"北京1注,天津2注,山西1注,上海1注,江苏1注,重庆2注,湖南5注,广东1注,广西1注,海南1注,四川1注,云南1注,共18注。","addmoney":"","addmoney2":"","msg":"","z2add":"","m2add":"","prizegrades":[{"type":1,"typenum":"18","typemoney":"5501160"},{"type":2,"typenum":"131","typemoney":"86077"},{"type":3,"typenum":"2938","typemoney":"3000"},{"type":4,"typenum":"104722","typemoney":"200"},{"type":5,"typenum":"1597291","typemoney":"10"},{"type":6,"typenum":"11077632","typemoney":"5"},{"type":7,"typenum":"","typemoney":""}]},{"name":"双色球","code":"2016092","detailsLink":"/c/2016-08-09/404444.shtml","videoLink":"","date":"2016-08-09(二)","week":"二","red":"02,13,15,23,24,29","blue":"06","blue2":"","sales":"299992386","poolmoney":"908473144","content":"北京5注,内蒙古1注,辽宁1注,上海1注,江苏1注,浙江3注,安徽1注,江西1注,重庆3注,广东1注,云南1注,共19注。","addmoney":"","addmoney2":"","msg":"","z2add":"","m2add":"","prizegrades":[{"type":1,"typenum":"19","typemoney":"5173091"},{"type":2,"typenum":"97","typemoney":"42380"},{"type":3,"typenum":"2650","typemoney":"3000"},{"type":4,"typenum":"107752","typemoney":"200"},{"type":5,"typenum":"1634614","typemoney":"10"},{"type":6,"typenum":"16941205","typemoney":"5"},{"type":7,"typenum":"","typemoney":""}]},{"name":"双色球","code":"2016091","detailsLink":"/c/2016-08-07/404370.shtml","videoLink":"","date":"2016-08-07(日)","week":"日","red":"04,08,14,22,23,28","blue":"07","blue2":"","sales":"329710234","poolmoney":"994429110","content":"北京1注,河北1注,山西1注,上海1注,江苏2注,安徽1注,河南4注,湖北1注,广东2注,四川3注,共17注。","addmoney":"","addmoney2":"","msg":"","z2add":"","m2add":"","prizegrades":[{"type":1,"typenum":"17","typemoney":"5986530"},{"type":2,"typenum":"226","typemoney":"92760"},{"type":3,"typenum":"1451","typemoney":"3000"},{"type":4,"typenum":"74116","typemoney":"200"},{"type":5,"typenum":"1385952","typemoney":"10"},{"type":6,"typenum":"8933435","typemoney":"5"},{"type":7,"typenum":"","typemoney":""}]},{"name":"双色球","code":"2016090","detailsLink":"/c/2016-08-04/404324.shtml","videoLink":"","date":"2016-08-04(四)","week":"四","red":"02,13,17,20,21,26","blue":"07","blue2":"","sales":"294008068","poolmoney":"1033308810","content":"辽宁1注,江苏5注,浙江1注,安徽6注,江西1注,山东1注,重庆1注,河南1注,广东6注,共23注。","addmoney":"","addmoney2":"","msg":"","z2add":"","m2add":"","prizegrades":[{"type":1,"typenum":"23","typemoney":"5443624"},{"type":2,"typenum":"164","typemoney":"77769"},{"type":3,"typenum":"2246","typemoney":"3000"},{"type":4,"typenum":"98229","typemoney":"200"},{"type":5,"typenum":"1528330","typemoney":"10"},{"type":6,"typenum":"10276008","typemoney":"5"},{"type":7,"typenum":"","typemoney":""}]},{"name":"双色球","code":"2016089","detailsLink":"/c/2016-08-02/404248.shtml","videoLink":"","date":"2016-08-02(二)","week":"二","red":"01,03,14,30,31,32","blue":"08","blue2":"","sales":"288232376","poolmoney":"1120249570","content":"河北1注,辽宁2注,浙江5注,广东1注,云南1注,共10注。","addmoney":"","addmoney2":"","msg":"","z2add":"","m2add":"","prizegrades":[{"type":1,"typenum":"10","typemoney":"5749899"},{"type":2,"typenum":"48","typemoney":"195286"},{"type":3,"typenum":"1249","typemoney":"3000"},{"type":4,"typenum":"56311","typemoney":"200"},{"type":5,"typenum":"967833","typemoney":"10"},{"type":6,"typenum":"15810276","typemoney":"5"},{"type":7,"typenum":"","typemoney":""}]},{"name":"双色球","code":"2016088","detailsLink":"/c/2016-07-31/404180.shtml","videoLink":"","date":"2016-07-31(日)","week":"日","red":"03,14,16,18,25,33","blue":"15","blue2":"","sales":"320354148","poolmoney":"1149627355","content":"辽宁1注,江苏2注,河南1注,陕西1注,共5注。","addmoney":"","addmoney2":"","msg":"","z2add":"","m2add":"","prizegrades":[{"type":1,"typenum":"5","typemoney":"8643396"},{"type":2,"typenum":"79","typemoney":"288243"},{"type":3,"typenum":"1109","typemoney":"3000"},{"type":4,"typenum":"51374","typemoney":"200"},{"type":5,"typenum":"1001724","typemoney":"10"},{"type":6,"typenum":"8453917","typemoney":"5"},{"type":7,"typenum":"","typemoney":""}]},{"name":"双色球","code":"2016087","detailsLink":"/c/2016-07-28/404133.shtml","videoLink":"","date":"2016-07-28(四)","week":"四","red":"02,03,10,11,14,21","blue":"12","blue2":"","sales":"288396896","poolmoney":"1124530659","content":"河北1注,山东1注,海南1注,共3注。","addmoney":"","addmoney2":"","msg":"","z2add":"","m2add":"","prizegrades":[{"type":1,"typenum":"3","typemoney":"10000000"},{"type":2,"typenum":"84","typemoney":"223543"},{"type":3,"typenum":"893","typemoney":"3000"},{"type":4,"typenum":"51047","typemoney":"200"},{"type":5,"typenum":"1010028","typemoney":"10"},{"type":6,"typenum":"8643046","typemoney":"5"},{"type":7,"typenum":"","typemoney":""}]},{"name":"双色球","code":"2016086","detailsLink":"/c/2016-07-26/404048.shtml","videoLink":"","date":"2016-07-26(二)","week":"二","red":"09,10,11,12,15,32","blue":"05","blue2":"","sales":"286788850","poolmoney":"1098197736","content":"辽宁1注,云南5注,共6注。","addmoney":"","addmoney2":"","msg":"","z2add":"","m2add":"","prizegrades":[{"type":1,"typenum":"6","typemoney":"7936358"},{"type":2,"typenum":"62","typemoney":"355204"},{"type":3,"typenum":"667","typemoney":"3000"},{"type":4,"typenum":"44226","typemoney":"200"},{"type":5,"typenum":"886647","typemoney":"10"},{"type":6,"typenum":"6544622","typemoney":"5"},{"type":7,"typenum":"","typemoney":""}]},{"name":"双色球","code":"2016085","detailsLink":"/c/2016-07-24/403953.shtml","videoLink":"","date":"2016-07-24(日)","week":"日","red":"01,12,19,20,21,25","blue":"16","blue2":"","sales":"319888112","poolmoney":"1079747823","content":"福建1注,山东1注,湖北5注,共7注。","addmoney":"","addmoney2":"","msg":"","z2add":"","m2add":"","prizegrades":[{"type":1,"typenum":"7","typemoney":"7380661"},{"type":2,"typenum":"245","typemoney":"85023"},{"type":3,"typenum":"1292","typemoney":"3000"},{"type":4,"typenum":"66369","typemoney":"200"},{"type":5,"typenum":"1238620","typemoney":"10"},{"type":6,"typenum":"8777201","typemoney":"5"},{"type":7,"typenum":"","typemoney":""}]},{"name":"双色球","code":"2016084","detailsLink":"/c/2016-07-21/403898.shtml","videoLink":"","date":"2016-07-21(四)","week":"四","red":"02,04,12,18,24,26","blue":"05","blue2":"","sales":"288778286","poolmoney":"1068920080","content":"山东1注,河南1注,湖南1注,贵州1注,西藏1注,共5注。","addmoney":"","addmoney2":"","msg":"","z2add":"","m2add":"","prizegrades":[{"type":1,"typenum":"5","typemoney":"7742405"},{"type":2,"typenum":"101","typemoney":"169703"},{"type":3,"typenum":"1199","typemoney":"3000"},{"type":4,"typenum":"60445","typemoney":"200"},{"type":5,"typenum":"1099966","typemoney":"10"},{"type":6,"typenum":"9251111","typemoney":"5"},{"type":7,"typenum":"","typemoney":""}]},{"name":"双色球","code":"2016083","detailsLink":"/c/2016-07-19/403824.shtml","videoLink":"","date":"2016-07-19(二)","week":"二","red":"09,16,17,24,30,31","blue":"04","blue2":"","sales":"291921542","poolmoney":"1056212003","content":"北京1注,河北1注,黑龙江1注,江苏1注,山东1注,湖北1注,湖南1注,共7注。","addmoney":"","addmoney2":"","msg":"","z2add":"","m2add":"","prizegrades":[{"type":1,"typenum":"7","typemoney":"7237320"},{"type":2,"typenum":"99","typemoney":"197743"},{"type":3,"typenum":"1190","typemoney":"3000"},{"type":4,"typenum":"56008","typemoney":"200"},{"type":5,"typenum":"1010477","typemoney":"10"},{"type":6,"typenum":"7971791","typemoney":"5"},{"type":7,"typenum":"","typemoney":""}]},{"name":"双色球","code":"2016082","detailsLink":"/c/2016-07-17/403768.shtml","videoLink":"","date":"2016-07-17(日)","week":"日","red":"06,12,14,15,17,20","blue":"09","blue2":"","sales":"323658370","poolmoney":"1048143580","content":"吉林5注,江苏1注,重庆1注,广东1注,广西1注,四川1注,共10注。","addmoney":"","addmoney2":"","msg":"","z2add":"","m2add":"","prizegrades":[{"type":1,"typenum":"10","typemoney":"6151036"},{"type":2,"typenum":"89","typemoney":"161662"},{"type":3,"typenum":"1662","typemoney":"3000"},{"type":4,"typenum":"77126","typemoney":"200"},{"type":5,"typenum":"1355049","typemoney":"10"},{"type":6,"typenum":"13415821","typemoney":"5"},{"type":7,"typenum":"","typemoney":""}]},{"name":"双色球","code":"2016081","detailsLink":"/c/2016-07-14/403742.shtml","videoLink":"","date":"2016-07-14(四)","week":"四","red":"02,06,15,25,30,32","blue":"07","blue2":"","sales":"288505018","poolmoney":"1066490094","content":"北京1注,辽宁1注,新疆1注,共3注。","addmoney":"","addmoney2":"","msg":"","z2add":"","m2add":"","prizegrades":[{"type":1,"typenum":"3","typemoney":"9665516"},{"type":2,"typenum":"73","typemoney":"239666"},{"type":3,"typenum":"1004","typemoney":"3000"},{"type":4,"typenum":"51070","typemoney":"200"},{"type":5,"typenum":"951404","typemoney":"10"},{"type":6,"typenum":"9728933","typemoney":"5"},{"type":7,"typenum":"","typemoney":""}]},{"name":"双色球","code":"2016080","detailsLink":"/c/2016-07-12/403678.shtml","videoLink":"","date":"2016-07-12(二)","week":"二","red":"01,16,17,24,25,32","blue":"14","blue2":"","sales":"288372472","poolmoney":"1042999580","content":"福建1注,河南1注,广东1注,贵州1注,共4注。","addmoney":"","addmoney2":"","msg":"","z2add":"","m2add":"","prizegrades":[{"type":1,"typenum":"4","typemoney":"9610776"},{"type":2,"typenum":"88","typemoney":"261975"},{"type":3,"typenum":"852","typemoney":"3000"},{"type":4,"typenum":"37822","typemoney":"200"},{"type":5,"typenum":"755067","typemoney":"10"},{"type":6,"typenum":"6283181","typemoney":"5"},{"type":7,"typenum":"","typemoney":""}]},{"name":"双色球","code":"2016079","detailsLink":"/c/2016-07-10/403607.shtml","videoLink":"","date":"2016-07-10(日)","week":"日","red":"01,03,10,12,24,28","blue":"02","blue2":"","sales":"322821956","poolmoney":"1012281038","content":"上海2注,共2注。","addmoney":"","addmoney2":"","msg":"","z2add":"","m2add":"","prizegrades":[{"type":1,"typenum":"2","typemoney":"10000000"},{"type":2,"typenum":"101","typemoney":"261205"},{"type":3,"typenum":"884","typemoney":"3000"},{"type":4,"typenum":"52536","typemoney":"200"},{"type":5,"typenum":"1119796","typemoney":"10"},{"type":6,"typenum":"5659731","typemoney":"5"},{"type":7,"typenum":"","typemoney":""}]},{"name":"双色球","code":"2016078","detailsLink":"/c/2016-07-07/403567.shtml","videoLink":"","date":"2016-07-07(四)","week":"四","red":"02,04,08,23,26,29","blue":"02","blue2":"","sales":"296681554","poolmoney":"953135832","content":"黑龙江1注,安徽1注,福建1注,重庆1注,贵州1注,陕西1注,共6注。","addmoney":"","addmoney2":"","msg":"","z2add":"","m2add":"","prizegrades":[{"type":1,"typenum":"6","typemoney":"8017845"},{"type":2,"typenum":"65","typemoney":"348212"},{"type":3,"typenum":"828","typemoney":"3000"},{"type":4,"typenum":"46766","typemoney":"200"},{"type":5,"typenum":"982216","typemoney":"10"},{"type":6,"typenum":"6635846","typemoney":"5"},{"type":7,"typenum":"","typemoney":""}]},{"name":"双色球","code":"2016077","detailsLink":"/c/2016-07-05/403521.shtml","videoLink":"","date":"2016-07-05(二)","week":"二","red":"01,09,17,19,20,29","blue":"10","blue2":"","sales":"294629008","poolmoney":"933341379","content":"上海1注,海南1注,甘肃1注,共3注。","addmoney":"","addmoney2":"","msg":"","z2add":"","m2add":"","prizegrades":[{"type":1,"typenum":"3","typemoney":"8718169"},{"type":2,"typenum":"93","typemoney":"149926"},{"type":3,"typenum":"1810","typemoney":"3000"},{"type":4,"typenum":"77241","typemoney":"200"},{"type":5,"typenum":"1306307","typemoney":"10"},{"type":6,"typenum":"10930879","typemoney":"5"},{"type":7,"typenum":"","typemoney":""}]},{"name":"双色球","code":"2016076","detailsLink":"/c/2016-07-03/403459.shtml","videoLink":"","date":"2016-07-03(日)","week":"日","red":"07,08,13,22,30,32","blue":"01","blue2":"","sales":"331977974","poolmoney":"917666478","content":"天津2注,辽宁1注,福建1注,河南1注,陕西1注,共6注。","addmoney":"","addmoney2":"","msg":"","z2add":"","m2add":"","prizegrades":[{"type":1,"typenum":"6","typemoney":"8474321"},{"type":2,"typenum":"112","typemoney":"232655"},{"type":3,"typenum":"1008","typemoney":"3000"},{"type":4,"typenum":"56579","typemoney":"200"},{"type":5,"typenum":"1224624","typemoney":"10"},{"type":6,"typenum":"6370705","typemoney":"5"},{"type":7,"typenum":"","typemoney":""}]},{"name":"双色球","code":"2016075","detailsLink":"/c/2016-06-30/403414.shtml","videoLink":"","date":"2016-06-30(四)","week":"四","red":"01,03,06,16,29,32","blue":"07","blue2":"","sales":"295574016","poolmoney":"890340179","content":"共0注。","addmoney":"","addmoney2":"","msg":"","z2add":"","m2add":"","prizegrades":[{"type":1,"typenum":"0","typemoney":"0"},{"type":2,"typenum":"65","typemoney":"267736"},{"type":3,"typenum":"1174","typemoney":"3000"},{"type":4,"typenum":"53167","typemoney":"200"},{"type":5,"typenum":"994643","typemoney":"10"},{"type":6,"typenum":"10223573","typemoney":"5"},{"type":7,"typenum":"","typemoney":""}]},{"name":"双色球","code":"2016074","detailsLink":"/c/2016-06-28/403286.shtml","videoLink":"","date":"2016-06-28(二)","week":"二","red":"06,10,11,12,20,25","blue":"12","blue2":"","sales":"297584738","poolmoney":"838131500","content":"北京30注,山西1注,辽宁1注,江苏2注,福建1注,山东2注,河南1注,广西20注,陕西2注,青海1注,深圳1注,共62注。","addmoney":"","addmoney2":"","msg":"","z2add":"","m2add":"","prizegrades":[{"type":1,"typenum":"62","typemoney":"5187134"},{"type":2,"typenum":"154","typemoney":"94175"},{"type":3,"typenum":"1733","typemoney":"3000"},{"type":4,"typenum":"79259","typemoney":"200"},{"type":5,"typenum":"1282334","typemoney":"10"},{"type":6,"typenum":"10786107","typemoney":"5"},{"type":7,"typenum":"","typemoney":""}]},{"name":"双色球","code":"2016073","detailsLink":"/c/2016-06-26/403229.shtml","videoLink":"","date":"2016-06-26(日)","week":"日","red":"09,11,12,15,16,20","blue":"13","blue2":"","sales":"327032018","poolmoney":"1116225045","content":"安徽1注,湖南2注,广东1注,云南1注,共5注。","addmoney":"","addmoney2":"","msg":"","z2add":"","m2add":"","prizegrades":[{"type":1,"typenum":"5","typemoney":"7942362"},{"type":2,"typenum":"80","typemoney":"229872"},{"type":3,"typenum":"1499","typemoney":"3000"},{"type":4,"typenum":"76476","typemoney":"200"},{"type":5,"typenum":"1406588","typemoney":"10"},{"type":6,"typenum":"10565711","typemoney":"5"},{"type":7,"typenum":"","typemoney":""}]},{"name":"双色球","code":"2016072","detailsLink":"/c/2016-06-23/403182.shtml","videoLink":"","date":"2016-06-23(四)","week":"四","red":"05,16,19,22,24,25","blue":"02","blue2":"","sales":"290670126","poolmoney":"1100767568","content":"辽宁1注,安徽1注,共2注。","addmoney":"","addmoney2":"","msg":"","z2add":"","m2add":"","prizegrades":[{"type":1,"typenum":"2","typemoney":"10000000"},{"type":2,"typenum":"79","typemoney":"250250"},{"type":3,"typenum":"961","typemoney":"3000"},{"type":4,"typenum":"54103","typemoney":"200"},{"type":5,"typenum":"1090797","typemoney":"10"},{"type":6,"typenum":"7747550","typemoney":"5"},{"type":7,"typenum":"","typemoney":""}]},{"name":"双色球","code":"2016071","detailsLink":"/c/2016-06-21/403104.shtml","videoLink":"","date":"2016-06-21(二)","week":"二","red":"19,21,26,28,29,32","blue":"01","blue2":"","sales":"293734448","poolmoney":"1061458288","content":"江苏1注,浙江1注,福建1注,河南1注,共4注。","addmoney":"","addmoney2":"","msg":"","z2add":"","m2add":"","prizegrades":[{"type":1,"typenum":"4","typemoney":"10000000"},{"type":2,"typenum":"83","typemoney":"312118"},{"type":3,"typenum":"510","typemoney":"3000"},{"type":4,"typenum":"31850","typemoney":"200"},{"type":5,"typenum":"735017","typemoney":"10"},{"type":6,"typenum":"5011302","typemoney":"5"},{"type":7,"typenum":"","typemoney":""}]},{"name":"双色球","code":"2016070","detailsLink":"/c/2016-06-19/403063.shtml","videoLink":"","date":"2016-06-19(日)","week":"日","red":"03,06,11,18,23,29","blue":"01","blue2":"","sales":"326894102","poolmoney":"1023740893","content":"黑龙江1注,湖南1注,广东2注,广西1注,新疆2注,共7注。","addmoney":"","addmoney2":"","msg":"","z2add":"","m2add":"","prizegrades":[{"type":1,"typenum":"7","typemoney":"7993400"},{"type":2,"typenum":"264","typemoney":"99213"},{"type":3,"typenum":"906","typemoney":"3000"},{"type":4,"typenum":"64810","typemoney":"200"},{"type":5,"typenum":"1262202","typemoney":"10"},{"type":6,"typenum":"5421411","typemoney":"5"},{"type":7,"typenum":"","typemoney":""}]},{"name":"双色球","code":"2016069","detailsLink":"/c/2016-06-16/403019.shtml","videoLink":"","date":"2016-06-16(四)","week":"四","red":"08,10,11,20,21,27","blue":"11","blue2":"","sales":"300232584","poolmoney":"1001117928","content":"北京1注,江苏1注,浙江1注,福建1注,甘肃1注,深圳1注,共6注。","addmoney":"","addmoney2":"","msg":"","z2add":"","m2add":"","prizegrades":[{"type":1,"typenum":"6","typemoney":"7393248"},{"type":2,"typenum":"168","typemoney":"106841"},{"type":3,"typenum":"1599","typemoney":"3000"},{"type":4,"typenum":"76527","typemoney":"200"},{"type":5,"typenum":"1304173","typemoney":"10"},{"type":6,"typenum":"8434479","typemoney":"5"},{"type":7,"typenum":"","typemoney":""}]},{"name":"双色球","code":"2016068","detailsLink":"/c/2016-06-14/402963.shtml","videoLink":"","date":"2016-06-14(二)","week":"二","red":"08,19,23,28,31,32","blue":"01","blue2":"","sales":"295768168","poolmoney":"991629338","content":"安徽1注,湖南1注,共2注。","addmoney":"","addmoney2":"","msg":"","z2add":"","m2add":"","prizegrades":[{"type":1,"typenum":"2","typemoney":"10000000"},{"type":2,"typenum":"58","typemoney":"374629"},{"type":3,"typenum":"821","typemoney":"3000"},{"type":4,"typenum":"50081","typemoney":"200"},{"type":5,"typenum":"1035277","typemoney":"10"},{"type":6,"typenum":"7036081","typemoney":"5"},{"type":7,"typenum":"","typemoney":""}]},{"name":"双色球","code":"2016067","detailsLink":"/c/2016-06-12/402902.shtml","videoLink":"","date":"2016-06-12(日)","week":"日","red":"09,13,18,20,27,31","blue":"04","blue2":"","sales":"327487486","poolmoney":"946443820","content":"广东3注,海南1注,四川1注,共5注。","addmoney":"","addmoney2":"","msg":"","z2add":"","m2add":"","prizegrades":[{"type":1,"typenum":"5","typemoney":"8650159"},{"type":2,"typenum":"117","typemoney":"194987"},{"type":3,"typenum":"1114","typemoney":"3000"},{"type":4,"typenum":"56892","typemoney":"200"},{"type":5,"typenum":"1090862","typemoney":"10"},{"type":6,"typenum":"8717172","typemoney":"5"},{"type":7,"typenum":"","typemoney":""}]},{"name":"双色球","code":"2016066","detailsLink":"/c/2016-06-09/402847.shtml","videoLink":"","date":"2016-06-09(四)","week":"四","red":"03,07,13,18,19,20","blue":"05","blue2":"","sales":"275334312","poolmoney":"921254130","content":"北京2注,上海1注,山东1注,广东3注,四川1注,陕西2注,共10注。","addmoney":"","addmoney2":"","msg":"","z2add":"","m2add":"","prizegrades":[{"type":1,"typenum":"10","typemoney":"5930886"},{"type":2,"typenum":"207","typemoney":"56212"},{"type":3,"typenum":"1875","typemoney":"3000"},{"type":4,"typenum":"84922","typemoney":"200"},{"type":5,"typenum":"1376862","typemoney":"10"},{"type":6,"typenum":"10398292","typemoney":"5"},{"type":7,"typenum":"","typemoney":""}]},{"name":"双色球","code":"2016065","detailsLink":"/c/2016-06-07/402836.shtml","videoLink":"","date":"2016-06-07(二)","week":"二","red":"13,16,22,25,26,27","blue":"14","blue2":"","sales":"298326848","poolmoney":"945654750","content":"山东1注,湖北1注,共2注。","addmoney":"","addmoney2":"","msg":"","z2add":"","m2add":"","prizegrades":[{"type":1,"typenum":"2","typemoney":"10000000"},{"type":2,"typenum":"87","typemoney":"249643"},{"type":3,"typenum":"849","typemoney":"3000"},{"type":4,"typenum":"52248","typemoney":"200"},{"type":5,"typenum":"1015532","typemoney":"10"},{"type":6,"typenum":"7230462","typemoney":"5"},{"type":7,"typenum":"","typemoney":""}]},{"name":"双色球","code":"2016064","detailsLink":"/c/2016-06-05/402777.shtml","videoLink":"","date":"2016-06-05(日)","week":"日","red":"03,12,14,17,19,26","blue":"03","blue2":"","sales":"332534594","poolmoney":"900497807","content":"北京1注,吉林1注,黑龙江1注,上海2注,江苏2注,福建2注,四川1注,云南1注,共11注。","addmoney":"","addmoney2":"","msg":"","z2add":"","m2add":"","prizegrades":[{"type":1,"typenum":"11","typemoney":"6487602"},{"type":2,"typenum":"116","typemoney":"176332"},{"type":3,"typenum":"1702","typemoney":"3000"},{"type":4,"typenum":"81566","typemoney":"200"},{"type":5,"typenum":"1432717","typemoney":"10"},{"type":6,"typenum":"9075486","typemoney":"5"},{"type":7,"typenum":"","typemoney":""}]},{"name":"双色球","code":"2016063","detailsLink":"/c/2016-06-02/402733.shtml","videoLink":"","date":"2016-06-02(四)","week":"四","red":"16,17,18,23,28,32","blue":"07","blue2":"","sales":"304409952","poolmoney":"910497831","content":"共0注。","addmoney":"","addmoney2":"","msg":"","z2add":"","m2add":"","prizegrades":[{"type":1,"typenum":"0","typemoney":"0"},{"type":2,"typenum":"83","typemoney":"179989"},{"type":3,"typenum":"1384","typemoney":"3000"},{"type":4,"typenum":"72791","typemoney":"200"},{"type":5,"typenum":"1308918","typemoney":"10"},{"type":6,"typenum":"11520973","typemoney":"5"},{"type":7,"typenum":"","typemoney":""}]},{"name":"双色球","code":"2016062","detailsLink":"/c/2016-05-31/402671.shtml","videoLink":"","date":"2016-05-31(二)","week":"二","red":"12,13,15,18,19,21","blue":"09","blue2":"","sales":"305198008","poolmoney":"865680358","content":"江苏1注,四川1注,共2注。","addmoney":"","addmoney2":"","msg":"","z2add":"","m2add":"","prizegrades":[{"type":1,"typenum":"2","typemoney":"10000000"},{"type":2,"typenum":"116","typemoney":"144808"},{"type":3,"typenum":"1110","typemoney":"3000"},{"type":4,"typenum":"62298","typemoney":"200"},{"type":5,"typenum":"1207992","typemoney":"10"},{"type":6,"typenum":"10897230","typemoney":"5"},{"type":7,"typenum":"","typemoney":""}]},{"name":"双色球","code":"2016061","detailsLink":"/c/2016-05-29/402620.shtml","videoLink":"","date":"2016-05-29(日)","week":"日","red":"05,06,08,18,20,32","blue":"08","blue2":"","sales":"340147518","poolmoney":"835286844","content":"北京12注,内蒙古1注,江苏1注,浙江1注,江西1注,山东2注,广东1注,广西1注,云南1注,共21注。","addmoney":"","addmoney2":"","msg":"","z2add":"","m2add":"","prizegrades":[{"type":1,"typenum":"21","typemoney":"5446101"},{"type":2,"typenum":"127","typemoney":"92206"},{"type":3,"typenum":"2984","typemoney":"3000"},{"type":4,"typenum":"109582","typemoney":"200"},{"type":5,"typenum":"1648570","typemoney":"10"},{"type":6,"typenum":"14495498","typemoney":"5"},{"type":7,"typenum":"","typemoney":""}]},{"name":"双色球","code":"2016060","detailsLink":"/c/2016-05-26/402578.shtml","videoLink":"","date":"2016-05-26(四)","week":"四","red":"04,05,22,26,29,32","blue":"08","blue2":"","sales":"320540202","poolmoney":"914524470","content":"北京1注,江苏2注,浙江1注,湖北1注,湖南1注,四川1注,贵州1注,云南1注,甘肃5注,深圳1注,共15注。","addmoney":"","addmoney2":"","msg":"中彩中心决定:从双色球调节基金拨出40420141.02元,弥补当期派奖奖金不足。","z2add":"","m2add":"","prizegrades":[{"type":1,"typenum":"15","typemoney":"5000000"},{"type":2,"typenum":"47","typemoney":"6000"},{"type":3,"typenum":"3109","typemoney":"3000"},{"type":4,"typenum":"132221","typemoney":"200"},{"type":5,"typenum":"2039930","typemoney":"10"},{"type":6,"typenum":"28206468","typemoney":"5"},{"type":7,"typenum":"","typemoney":""}]},{"name":"双色球","code":"2016059","detailsLink":"/c/2016-05-24/402524.shtml","videoLink":"","date":"2016-05-24(二)","week":"二","red":"04,11,12,20,25,28","blue":"15","blue2":"","sales":"322601954","poolmoney":"989524476","content":"江苏1注,安徽1注,福建5注,重庆1注,湖北1注,共9注。","addmoney":"","addmoney2":"","msg":"","z2add":"","m2add":"","prizegrades":[{"type":1,"typenum":"9","typemoney":"7152757"},{"type":2,"typenum":"153","typemoney":"158290"},{"type":3,"typenum":"1043","typemoney":"3000"},{"type":4,"typenum":"59212","typemoney":"200"},{"type":5,"typenum":"1131943","typemoney":"10"},{"type":6,"typenum":"6982008","typemoney":"5"},{"type":7,"typenum":"","typemoney":""}]},{"name":"双色球","code":"2016058","detailsLink":"/c/2016-05-22/402469.shtml","videoLink":"","date":"2016-05-22(日)","week":"日","red":"03,05,18,20,24,32","blue":"11","blue2":"","sales":"357296334","poolmoney":"981243730","content":"上海1注,广东1注,共2注。","addmoney":"","addmoney2":"","msg":"","z2add":"","m2add":"","prizegrades":[{"type":1,"typenum":"2","typemoney":"10000000"},{"type":2,"typenum":"130","typemoney":"221092"},{"type":3,"typenum":"930","typemoney":"3000"},{"type":4,"typenum":"52610","typemoney":"200"},{"type":5,"typenum":"1117616","typemoney":"10"},{"type":6,"typenum":"7123744","typemoney":"5"},{"type":7,"typenum":"","typemoney":""}]},{"name":"双色球","code":"2016057","detailsLink":"/c/2016-05-19/402416.shtml","videoLink":"","date":"2016-05-19(四)","week":"四","red":"07,12,19,22,23,26","blue":"11","blue2":"","sales":"325499780","poolmoney":"915017488","content":"上海2注,江苏1注,安徽2注,山东2注,河南1注,广东1注,四川1注,新疆1注,共11注。","addmoney":"","addmoney2":"","msg":"","z2add":"","m2add":"","prizegrades":[{"type":1,"typenum":"11","typemoney":"6474964"},{"type":2,"typenum":"256","typemoney":"79221"},{"type":3,"typenum":"1929","typemoney":"3000"},{"type":4,"typenum":"98403","typemoney":"200"},{"type":5,"typenum":"1675040","typemoney":"10"},{"type":6,"typenum":"7230772","typemoney":"5"},{"type":7,"typenum":"","typemoney":""}]},{"name":"双色球","code":"2016056","detailsLink":"/c/2016-05-17/402345.shtml","videoLink":"","date":"2016-05-17(二)","week":"二","red":"03,04,08,11,16,18","blue":"14","blue2":"","sales":"326490562","poolmoney":"925399830","content":"北京2注,河北1注,福建1注,广东1注,深圳1注,共6注。","addmoney":"","addmoney2":"","msg":"","z2add":"","m2add":"","prizegrades":[{"type":1,"typenum":"6","typemoney":"8206646"},{"type":2,"typenum":"180","typemoney":"133610"},{"type":3,"typenum":"848","typemoney":"3000"},{"type":4,"typenum":"55554","typemoney":"200"},{"type":5,"typenum":"1218600","typemoney":"10"},{"type":6,"typenum":"7588035","typemoney":"5"},{"type":7,"typenum":"","typemoney":""}]},{"name":"双色球","code":"2016055","detailsLink":"/c/2016-05-15/402292.shtml","videoLink":"","date":"2016-05-15(日)","week":"日","red":"05,06,10,16,22,26","blue":"11","blue2":"","sales":"350383284","poolmoney":"902490160","content":"上海1注,江西2注,湖南1注,广西1注,云南5注,新疆1注,共11注。","addmoney":"","addmoney2":"","msg":"","z2add":"","m2add":"","prizegrades":[{"type":1,"typenum":"11","typemoney":"6427695"},{"type":2,"typenum":"232","typemoney":"84615"},{"type":3,"typenum":"2007","typemoney":"3000"},{"type":4,"typenum":"81611","typemoney":"200"},{"type":5,"typenum":"1426413","typemoney":"10"},{"type":6,"typenum":"11311444","typemoney":"5"},{"type":7,"typenum":"","typemoney":""}]},{"name":"双色球","code":"2016054","detailsLink":"/c/2016-05-12/402243.shtml","videoLink":"","date":"2016-05-12(四)","week":"四","red":"06,11,16,19,28,32","blue":"04","blue2":"","sales":"324349586","poolmoney":"914302376","content":"浙江2注,山东3注,湖南1注,海南1注,云南1注,共8注。","addmoney":"","addmoney2":"","msg":"","z2add":"","m2add":"","prizegrades":[{"type":1,"typenum":"8","typemoney":"7321796"},{"type":2,"typenum":"204","typemoney":"113813"},{"type":3,"typenum":"994","typemoney":"3000"},{"type":4,"typenum":"65617","typemoney":"200"},{"type":5,"typenum":"1272759","typemoney":"10"},{"type":6,"typenum":"7445288","typemoney":"5"},{"type":7,"typenum":"","typemoney":""}]}]}