{"state":0,"message":"查询成功","pageCount":2,"countNum":154,"Tflag":2,"result":[{"name":"双色球","code":"2017154","detailsLink":"/c/2017-12-31/428348.shtml","videoLink":"","date":"2017-12-31(日)","week":"日","red":"05,09,13,15,18,26","blue":"05","blue2":"","sales":"414241024","poolmoney":"338693168","content":"河北1注,浙江1注,安徽1注,江西1注,山东1注,湖北1注,广东2注,广西1注,四川1注,甘肃1注,共11注。","addmoney":"","addmoney2":"","msg":"","z2add":"","m2add":"","prizegrades":[{"type":1,"typenum":"11","typemoney":"7280114"},{"type":2,"typenum":"141","typemoney":"222351"},{"type":3,"typenum":"1358","typemoney":"3000"},{"type":4,"typenum":"75207","typemoney":"200"},{"type":5,"typenum":"1412329","typemoney":"10"},{"type":6,"typenum":"8866626","typemoney":"5"},{"type":7,"typenum":"","typemoney":""}]},{"name":"双色球","code":"2017153","detailsLink":"/c/2017-12-28/428330.shtml","videoLink":"","date":"2017-12-28(四)","week":"四","red":"07,11,12,13,18,19","blue":"16","blue2":"","sales":"372349292","poolmoney":"324719716","content":"北京1注,山西1注,浙江1注,湖北1注,共4注。","addmoney":"","addmoney2":"","msg":"","z2add":"","m2add":"","prizegrades":[{"type":1,"typenum":"4","typemoney":"10000000"},{"type":2,"typenum":"165","typemoney":"190901"},{"type":3,"typenum":"989","typemoney":"3000"},{"type":4,"typenum":"61094","typemoney":"200"},{"type":5,"typenum":"1333557","typemoney":"10"},{"type":6,"typenum":"5586895","typemoney":"5"},{"type":7,"typenum":"","typemoney":""}]},{"name":"双色球","code":"2017152","detailsLink":"/c/2017-12-26/428329.shtml","videoLink":"","date":"2017-12-26(二)","week":"二","red":"06,10,23,25,26,29","blue":"05","blue2":"","sales":"367326916","poolmoney":"270223240","content":"吉林1注,浙江1注,福建1注,山东1注,重庆2注,四川1注,陕西1注,共8注。","addmoney":"","addmoney2":"","msg":"","z2add":"","m2add":"","prizegrades":[{"type":1,"typenum":"8","typemoney":"7027612"},{"type":2,"typenum":"129","typemoney":"157179"},{"type":3,"typenum":"1848","typemoney":"3000"},{"type":4,"typenum":"85998","typemoney":"200"},{"type":5,"typenum":"1538040","typemoney":"10"},{"type":6,"typenum":"12152337","typemoney":"5"},{"type":7,"typenum":"","typemoney":""}]},{"name":"双色球","code":"2017151","detailsLink":"/c/2017-12-24/428328.shtml","videoLink":"","date":"2017-12-24(日)","week":"日","red":"02,05,07,09,11,27","blue":"16","blue2":"","sales":"410102286","poolmoney":"265615770","content":"辽宁1注,江苏3注,安徽1注,福建1注,共6注。","addmoney":"","addmoney2":"","msg":"","z2add":"","m2add":"","prizegrades":[{"type":1,"typenum":"6","typemoney":"8891264"},{"type":2,"typenum":"171","typemoney":"170669"},{"type":3,"typenum":"1414","typemoney":"3000"},{"type":4,"typenum":"78120","typemoney":"200"},{"type":5,"typenum":"1525695","typemoney":"10"},{"type":6,"typenum":"9817849","typemoney":"5"},{"type":7,"typenum":"","typemoney":""}]},{"name":"双色球","code":"2017150","detailsLink":"/c/2017-12-21/428324.shtml","videoLink":"","date":"2017-12-21(四)","week":"四","red":"06,14,19,20,21,23","blue":"08","blue2":"","sales":"382821120","poolmoney":"231409917","content":"安徽1注,重庆1注,湖北1注,广东1注,四川1注,云南2注,新疆1注,深圳1注,共9注。","addmoney":"","addmoney2":"","msg":"","z2add":"","m2add":"","prizegrades":[{"type":1,"typenum":"9","typemoney":"6900101"},{"type":2,"typenum":"82","typemoney":"260684"},{"type":3,"typenum":"1721","typemoney":"3000"},{"type":4,"typenum":"79117","typemoney":"200"},{"type":5,"typenum":"1478684","typemoney":"10"},{"type":6,"typenum":"13260907","typemoney":"5"},{"type":7,"typenum":"","typemoney":""}]},{"name":"双色球","code":"2017149","detailsLink":"/c/2017-12-19/428316.shtml","videoLink":"","date":"2017-12-19(二)","week":"二","red":"05,08,15,20,27,30","blue":"13","blue2":"","sales":"389703152","poolmoney":"229382406","content":"河北3注,内蒙古2注,辽宁4注,吉林1注,黑龙江3注,上海7注,江苏6注,浙江3注,安徽2注,福建2注,江西1注,山东6注,重庆3注,河南4注,湖北1注,湖南3注,广东2注,广西3注,四川4注,贵州1注,陕西1注,甘肃1注,新疆1注,深圳3注,共67注。其中复式投注为：河北2注,内蒙古1注,辽宁4注,吉林1注,黑龙江3注,上海5注,江苏2注,浙江2注,安徽2注,福建2注,江西1注,山东4注,重庆3注,河南3注,湖北1注,湖南2注,广东1注,广西1注,四川3注,贵州1注,甘肃1注,新疆1注,深圳1注。","addmoney":"","addmoney2":"","zj1":"47","mj1":"5456762(含派奖425531)","msg":"下期一等奖派奖金额：0元。\n","z2add":"","m2add":"","prizegrades":[{"type":1,"typenum":"67","typemoney":"5031231"},{"type":2,"typenum":"1126","typemoney":"6000"},{"type":3,"typenum":"8715","typemoney":"3000"},{"type":4,"typenum":"293452","typemoney":"200"},{"type":5,"typenum":"3505333","typemoney":"10"},{"type":6,"typenum":"12120676","typemoney":"5"},{"type":7,"typenum":"","typemoney":""}]},{"name":"双色球","code":"2017148","detailsLink":"/c/2017-12-17/427887.shtml","videoLink":"","date":"2017-12-17(日)","week":"日","red":"04,07,11,14,29,32","blue":"12","blue2":"","sales":"419003890","poolmoney":"558628074","content":"北京1注,河北1注,内蒙古2注,辽宁1注,江苏2注,浙江4注,山东2注,四川2注,贵州1注,云南2注,共18注。其中复式投注为：北京1注,河北1注,浙江2注,山东2注,四川2注,云南2注。","addmoney":"","addmoney2":"","zj1":"10","mj1":"9772562(含派奖3500000)","msg":"下期一等奖派奖金额：20000000元。\n","z2add":"","m2add":"","prizegrades":[{"type":1,"typenum":"18","typemoney":"6272562"},{"type":2,"typenum":"274","typemoney":"104498"},{"type":3,"typenum":"2210","typemoney":"3000"},{"type":4,"typenum":"102446","typemoney":"200"},{"type":5,"typenum":"1843078","typemoney":"10"},{"type":6,"typenum":"9046257","typemoney":"5"},{"type":7,"typenum":"","typemoney":""}]},{"name":"双色球","code":"2017147","detailsLink":"/c/2017-12-14/427886.shtml","videoLink":"","date":"2017-12-14(四)","week":"四","red":"03,07,20,21,25,31","blue":"14","blue2":"","sales":"397012632","poolmoney":"585636222","content":"山西1注,上海1注,安徽1注,共3注。其中复式投注为：山西1注。","addmoney":"","addmoney2":"","zj1":"1","mj1":"15000000(含派奖5000000)","msg":"下期一等奖派奖金额：35000000元。\n","z2add":"","m2add":"","prizegrades":[{"type":1,"typenum":"3","typemoney":"10000000"},{"type":2,"typenum":"131","typemoney":"255096"},{"type":3,"typenum":"1080","typemoney":"3000"},{"type":4,"typenum":"61204","typemoney":"200"},{"type":5,"typenum":"1261151","typemoney":"10"},{"type":6,"typenum":"6554657","typemoney":"5"},{"type":7,"typenum":"","typemoney":""}]},{"name":"双色球","code":"2017146","detailsLink":"/c/2017-12-12/427885.shtml","videoLink":"","date":"2017-12-12(二)","week":"二","red":"01,19,25,26,27,33","blue":"10","blue2":"","sales":"409358700","poolmoney":"515383281","content":"北京1注,河北5注,吉林1注,江苏1注,山东1注,重庆1注,湖北1注,湖南6注,广东1注,四川2注,贵州1注,共21注。其中复式投注为：吉林1注,山东1注,重庆1注,湖北1注,湖南6注,广东1注,四川1注,贵州1注。","addmoney":"","addmoney2":"","zj1":"13","mj1":"7340670(含派奖1538461)","zj6":"7768313","mj6":"10(含派奖5)","msg":"下期一等奖派奖金额：20000000元。\n六等奖派奖奖金余额：0元。","z2add":"","m2add":"","prizegrades":[{"type":1,"typenum":"21","typemoney":"5802209"},{"type":2,"typenum":"252","typemoney":"83563"},{"type":3,"typenum":"2353","typemoney":"3000"},{"type":4,"typenum":"108606","typemoney":"200"},{"type":5,"typenum":"1794897","typemoney":"10"},{"type":6,"typenum":"13924922","typemoney":"5"},{"type":7,"typenum":"","typemoney":""}]},{"name":"双色球","code":"2017145","detailsLink":"/c/2017-12-10/427884.shtml","videoLink":"","date":"2017-12-10(日)","week":"日","red":"02,06,12,17,25,28","blue":"12","blue2":"","sales":"434698744","poolmoney":"574055706","content":"河北1注,山西1注,内蒙古1注,辽宁1注,吉林1注,黑龙江1注,上海1注,江苏1注,浙江6注,安徽1注,山东2注,重庆2注,湖北1注,湖南3注,四川2注,云南2注,陕西2注,甘肃1注,深圳1注,共31注。其中复式投注为：河北1注,内蒙古1注,辽宁1注,吉林1注,黑龙江1注,江苏1注,浙江3注,安徽1注,重庆2注,湖北1注,湖南2注,四川2注,云南1注,陕西1注,甘肃1注,深圳1注。","addmoney":"","addmoney2":"","zj1":"21","mj1":"7999198(含派奖2619047)","zj6":"8271623","mj6":"10(含派奖5)","msg":"下期一等奖派奖金额：20000000元。\n六等奖派奖奖金余额：15069710元。","z2add":"","m2add":"","prizegrades":[{"type":1,"typenum":"31","typemoney":"5380151"},{"type":2,"typenum":"458","typemoney":"32163"},{"type":3,"typenum":"5310","typemoney":"3000"},{"type":4,"typenum":"186898","typemoney":"200"},{"type":5,"typenum":"2600830","typemoney":"10"},{"type":6,"typenum":"14952213","typemoney":"5"},{"type":7,"typenum":"","typemoney":""}]},{"name":"双色球","code":"2017144","detailsLink":"/c/2017-12-07/426758.shtml","videoLink":"","date":"2017-12-07(四)","week":"四","red":"03,14,16,20,31,32","blue":"09","blue2":"","sales":"394649686","poolmoney":"696647832","content":"北京1注,天津2注,浙江1注,江西1注,四川1注,云南2注,共8注。其中复式投注为：北京1注,天津2注,四川1注。","addmoney":"","addmoney2":"","zj1":"4","mj1":"11316343(含派奖5000000)","zj6":"11681691","mj6":"10(含派奖5)","msg":"下期一等奖派奖金额：54999992元。\n六等奖派奖奖金余额：56427825元。","z2add":"","m2add":"","prizegrades":[{"type":1,"typenum":"8","typemoney":"6316343"},{"type":2,"typenum":"54","typemoney":"243767"},{"type":3,"typenum":"1869","typemoney":"3000"},{"type":4,"typenum":"87158","typemoney":"200"},{"type":5,"typenum":"1583161","typemoney":"10"},{"type":6,"typenum":"20370880","typemoney":"5"},{"type":7,"typenum":"","typemoney":""}]},{"name":"双色球","code":"2017143","detailsLink":"/c/2017-12-05/426757.shtml","videoLink":"","date":"2017-12-05(二)","week":"二","red":"04,06,09,14,20,29","blue":"14","blue2":"","sales":"383967718","poolmoney":"707688280","content":"河北1注,辽宁1注,上海6注,山东1注,广东1注,青海1注,新疆2注,共13注。其中复式投注为：上海5注,广东1注,青海1注,新疆2注。","addmoney":"","addmoney2":"","zj1":"9","mj1":"11687672(含派奖5000000)","zj6":"4485074","mj6":"10(含派奖5)","msg":"下期一等奖派奖金额：54999992元。\n六等奖派奖奖金余额：114836280元。","z2add":"","m2add":"","prizegrades":[{"type":1,"typenum":"13","typemoney":"6687672"},{"type":2,"typenum":"164","typemoney":"167223"},{"type":3,"typenum":"1606","typemoney":"3000"},{"type":4,"typenum":"78943","typemoney":"200"},{"type":5,"typenum":"1488152","typemoney":"10"},{"type":6,"typenum":"8591476","typemoney":"5"},{"type":7,"typenum":"","typemoney":""}]},{"name":"双色球","code":"2017142","detailsLink":"/c/2017-12-03/426756.shtml","videoLink":"","date":"2017-12-03(日)","week":"日","red":"08,13,14,18,23,33","blue":"06","blue2":"","sales":"417715258","poolmoney":"712354014","content":"山西1注,福建1注,江西1注,重庆1注,河南1注,新疆1注,共6注。其中复式投注为：江西1注,重庆1注,新疆1注。","addmoney":"","addmoney2":"","zj1":"3","mj1":"12643652(含派奖5000000)","zj6":"8132289","mj6":"10(含派奖5)","msg":"下期一等奖派奖金额：79999994元。\n六等奖派奖奖金余额：137261650元。","z2add":"","m2add":"","prizegrades":[{"type":1,"typenum":"6","typemoney":"7643652"},{"type":2,"typenum":"149","typemoney":"133069"},{"type":3,"typenum":"2355","typemoney":"3000"},{"type":4,"typenum":"103919","typemoney":"200"},{"type":5,"typenum":"1763662","typemoney":"10"},{"type":6,"typenum":"15977097","typemoney":"5"},{"type":7,"typenum":"","typemoney":""}]},{"name":"双色球","code":"2017141","detailsLink":"/c/2017-11-30/426755.shtml","videoLink":"","date":"2017-11-30(四)","week":"四","red":"01,06,07,11,13,15","blue":"05","blue2":"","sales":"374075240","poolmoney":"698733752","content":"江苏1注,山东1注,广东1注,陕西1注,共4注。其中复式投注为：江苏1注。","addmoney":"","addmoney2":"","zj1":"1","mj1":"12854635(含派奖5000000)","zj6":"10258788","mj6":"10(含派奖5)","msg":"下期一等奖派奖金额：74999996元。\n六等奖派奖奖金余额：177923095元。","z2add":"","m2add":"","prizegrades":[{"type":1,"typenum":"4","typemoney":"7854635"},{"type":2,"typenum":"78","typemoney":"182989"},{"type":3,"typenum":"1650","typemoney":"3000"},{"type":4,"typenum":"86982","typemoney":"200"},{"type":5,"typenum":"1553018","typemoney":"10"},{"type":6,"typenum":"17665517","typemoney":"5"},{"type":7,"typenum":"","typemoney":""}]},{"name":"双色球","code":"2017140","detailsLink":"/c/2017-11-28/426754.shtml","videoLink":"","date":"2017-11-28(二)","week":"二","red":"21,22,25,28,29,30","blue":"08","blue2":"","sales":"376479116","poolmoney":"687332768","content":"北京10注,内蒙古1注,江苏1注,浙江1注,安徽1注,山东1注,云南1注,共16注。其中复式投注为：江苏1注,浙江1注,山东1注,云南1注。","addmoney":"","addmoney2":"","zj1":"4","mj1":"11035870(含派奖5000000)","zj6":"6751761","mj6":"10(含派奖5)","msg":"下期一等奖派奖金额：59999996元。\n六等奖派奖奖金余额：229217035元。","z2add":"","m2add":"","prizegrades":[{"type":1,"typenum":"16","typemoney":"6035870"},{"type":2,"typenum":"83","typemoney":"249607"},{"type":3,"typenum":"1431","typemoney":"3000"},{"type":4,"typenum":"71547","typemoney":"200"},{"type":5,"typenum":"1451958","typemoney":"10"},{"type":6,"typenum":"13696628","typemoney":"5"},{"type":7,"typenum":"","typemoney":""}]},{"name":"双色球","code":"2017139","detailsLink":"/c/2017-11-26/426753.shtml","videoLink":"","date":"2017-11-26(日)","week":"日","red":"02,14,20,24,28,32","blue":"16","blue2":"","sales":"409744564","poolmoney":"721754472","content":"山西1注,河南2注,广东1注,四川1注,陕西1注,共6注。其中复式投注为：陕西1注。","addmoney":"","addmoney2":"","zj1":"1","mj1":"14828398(含派奖5000000)","zj6":"2759548","mj6":"10(含派奖5)","msg":"下期一等奖派奖金额：59999996元。\n六等奖派奖奖金余额：262975840元。","z2add":"","m2add":"","prizegrades":[{"type":1,"typenum":"6","typemoney":"9828398"},{"type":2,"typenum":"92","typemoney":"393619"},{"type":3,"typenum":"813","typemoney":"3000"},{"type":4,"typenum":"46477","typemoney":"200"},{"type":5,"typenum":"992607","typemoney":"10"},{"type":6,"typenum":"6852481","typemoney":"5"},{"type":7,"typenum":"","typemoney":""}]},{"name":"双色球","code":"2017138","detailsLink":"/c/2017-11-23/426752.shtml","videoLink":"","date":"2017-11-23(四)","week":"四","red":"01,17,24,28,32,33","blue":"02","blue2":"","sales":"377937674","poolmoney":"672085896","content":"江苏1注,浙江1注,重庆1注,广东1注,四川2注,共6注。其中复式投注为：重庆1注,广东1注,四川2注。","addmoney":"","addmoney2":"","zj1":"4","mj1":"14039634(含派奖5000000)","zj6":"4214774","mj6":"10(含派奖5)","msg":"下期一等奖派奖金额：44999996元。\n六等奖派奖奖金余额：276773580元。","z2add":"","m2add":"","prizegrades":[{"type":1,"typenum":"6","typemoney":"9039634"},{"type":2,"typenum":"79","typemoney":"383509"},{"type":3,"typenum":"915","typemoney":"3000"},{"type":4,"typenum":"46678","typemoney":"200"},{"type":5,"typenum":"991147","typemoney":"10"},{"type":6,"typenum":"8401669","typemoney":"5"},{"type":7,"typenum":"","typemoney":""}]},{"name":"双色球","code":"2017137","detailsLink":"/c/2017-11-21/426751.shtml","videoLink":"","date":"2017-11-21(二)","week":"二","red":"05,10,20,23,26,31","blue":"03","blue2":"","sales":"376184186","poolmoney":"635431923","content":"天津1注,内蒙古1注,安徽2注,广西1注,四川1注,云南1注,共7注。其中复式投注为：安徽1注,广西1注,云南1注。","addmoney":"","addmoney2":"","zj1":"3","mj1":"12917073(含派奖5000000)","zj6":"4980044","mj6":"10(含派奖5)","msg":"下期一等奖派奖金额：44999996元。\n六等奖派奖奖金余额：297847450元。","z2add":"","m2add":"","prizegrades":[{"type":1,"typenum":"7","typemoney":"7917073"},{"type":2,"typenum":"146","typemoney":"174824"},{"type":3,"typenum":"1569","typemoney":"3000"},{"type":4,"typenum":"75681","typemoney":"200"},{"type":5,"typenum":"1356509","typemoney":"10"},{"type":6,"typenum":"9764880","typemoney":"5"},{"type":7,"typenum":"","typemoney":""}]},{"name":"双色球","code":"2017136","detailsLink":"/c/2017-11-19/419628.shtml","videoLink":"","date":"2017-11-19(日)","week":"日","red":"03,07,10,18,21,24","blue":"12","blue2":"","sales":"401556928","poolmoney":"614278265","content":"河北2注,江苏3注,浙江2注,安徽4注,广西1注,四川1注,陕西1注,深圳5注,共19注。其中复式投注为：浙江1注,广西1注,四川1注。","addmoney":"","addmoney2":"","zj1":"3","mj1":"10952821(含派奖5000000)","zj6":"6395144","mj6":"10(含派奖5)","msg":"下期一等奖派奖金额：39999998元。\n六等奖派奖奖金余额：322747670元。","z2add":"","m2add":"","prizegrades":[{"type":1,"typenum":"19","typemoney":"5952821"},{"type":2,"typenum":"216","typemoney":"104766"},{"type":3,"typenum":"2130","typemoney":"3000"},{"type":4,"typenum":"101551","typemoney":"200"},{"type":5,"typenum":"1711907","typemoney":"10"},{"type":6,"typenum":"12485113","typemoney":"5"},{"type":7,"typenum":"","typemoney":""}]},{"name":"双色球","code":"2017135","detailsLink":"/c/2017-11-16/419627.shtml","videoLink":"","date":"2017-11-16(四)","week":"四","red":"01,06,07,14,18,26","blue":"16","blue2":"","sales":"378825098","poolmoney":"659493336","content":"山西1注,山东3注,广东1注,广西1注,贵州1注,云南1注,共8注。其中复式投注为：山西1注,山东3注,广西1注,云南1注。","addmoney":"","addmoney2":"","zj1":"6","mj1":"12923669(含派奖5000000)","zj6":"4081312","mj6":"10(含派奖5)","msg":"下期一等奖派奖金额：35000000元。\n六等奖派奖奖金余额：354723390元。","z2add":"","m2add":"","prizegrades":[{"type":1,"typenum":"8","typemoney":"7923669"},{"type":2,"typenum":"147","typemoney":"198889"},{"type":3,"typenum":"1058","typemoney":"3000"},{"type":4,"typenum":"59885","typemoney":"200"},{"type":5,"typenum":"1210785","typemoney":"10"},{"type":6,"typenum":"8283735","typemoney":"5"},{"type":7,"typenum":"","typemoney":""}]},{"name":"双色球","code":"2017134","detailsLink":"/c/2017-11-17/419410.shtml","videoLink":"","date":"2017-11-14(二)","week":"二","red":"04,05,11,14,28,32","blue":"04","blue2":"","sales":"365781644","poolmoney":"635172616","content":"北京1注,山西1注,内蒙古1注,吉林2注,江苏1注,浙江1注,山东1注,重庆1注,四川3注,陕西1注,共13注。其中复式投注为：内蒙古1注,吉林1注,山东1注,重庆1注。","addmoney":"","addmoney2":"","zj1":"4","mj1":"11040990(含派奖5000000)","zj6":"8259233","mj6":"10(含派奖5)","msg":"下期一等奖派奖金额：45000000元。\n六等奖派奖奖金余额：375129950元。","z2add":"","m2add":"","prizegrades":[{"type":1,"typenum":"13","typemoney":"6040990"},{"type":2,"typenum":"99","typemoney":"170869"},{"type":3,"typenum":"1824","typemoney":"3000"},{"type":4,"typenum":"87046","typemoney":"200"},{"type":5,"typenum":"1531322","typemoney":"10"},{"type":6,"typenum":"14674835","typemoney":"5"},{"type":7,"typenum":"","typemoney":""}]},{"name":"双色球","code":"2017133","detailsLink":"/c/2017-11-17/419409.shtml","videoLink":"","date":"2017-11-12(日)","week":"日","red":"06,15,17,18,23,30","blue":"11","blue2":"","sales":"400247724","poolmoney":"662957197","content":"河北2注,辽宁1注,上海1注,湖北1注,广东1注,新疆1注,共7注。其中复式投注为：河北1注,上海1注。","addmoney":"","addmoney2":"","zj1":"2","mj1":"13327342(含派奖5000000)","zj6":"3718908","mj6":"10(含派奖5)","msg":"下期一等奖派奖金额：45000000元。\n六等奖派奖奖金余额：416426115元。","z2add":"","m2add":"","prizegrades":[{"type":1,"typenum":"7","typemoney":"8327342"},{"type":2,"typenum":"223","typemoney":"130557"},{"type":3,"typenum":"1372","typemoney":"3000"},{"type":4,"typenum":"78811","typemoney":"200"},{"type":5,"typenum":"1582688","typemoney":"10"},{"type":6,"typenum":"8791861","typemoney":"5"},{"type":7,"typenum":"","typemoney":""}]},{"name":"双色球","code":"2017132","detailsLink":"/c/2017-11-17/419408.shtml","videoLink":"","date":"2017-11-09(四)","week":"四","red":"02,03,05,09,13,28","blue":"11","blue2":"","sales":"377852842","poolmoney":"633905850","content":"北京1注,浙江2注,广东1注,广西1注,云南1注,共6注。其中复式投注为：浙江1注。","addmoney":"","addmoney2":"","zj1":"1","mj1":"13820665(含派奖5000000)","zj6":"3046800","mj6":"10(含派奖5)","msg":"下期一等奖派奖金额：35000000元。\n六等奖派奖奖金余额：435020655元。","z2add":"","m2add":"","prizegrades":[{"type":1,"typenum":"6","typemoney":"8820665"},{"type":2,"typenum":"139","typemoney":"206151"},{"type":3,"typenum":"1253","typemoney":"3000"},{"type":4,"typenum":"73344","typemoney":"200"},{"type":5,"typenum":"1500060","typemoney":"10"},{"type":6,"typenum":"7419907","typemoney":"5"},{"type":7,"typenum":"","typemoney":""}]},{"name":"双色球","code":"2017131","detailsLink":"/c/2017-11-15/419004.shtml","videoLink":"","date":"2017-11-07(二)","week":"二","red":"01,07,10,11,26,27","blue":"11","blue2":"","sales":"367788616","poolmoney":"600864875","content":"河北2注,辽宁2注,吉林1注,上海1注,浙江1注,安徽6注,福建5注,山东1注,重庆1注,河南4注,湖南1注,共25注。其中复式投注为：河北2注,辽宁1注,吉林1注,浙江1注,安徽1注,河南1注。","addmoney":"","addmoney2":"","zj1":"7","mj1":"9799092(含派奖4285714)","zj6":"7307593","mj6":"10(含派奖5)","msg":"下期一等奖派奖金额：20000000元。\n六等奖派奖奖金余额：450254655元。","z2add":"","m2add":"","prizegrades":[{"type":1,"typenum":"25","typemoney":"5513378"},{"type":2,"typenum":"131","typemoney":"122466"},{"type":3,"typenum":"2893","typemoney":"3000"},{"type":4,"typenum":"107801","typemoney":"200"},{"type":5,"typenum":"1675295","typemoney":"10"},{"type":6,"typenum":"13810389","typemoney":"5"},{"type":7,"typenum":"","typemoney":""}]},{"name":"双色球","code":"2017130","detailsLink":"/c/2017-11-05/419001.shtml","videoLink":"","date":"2017-11-05(日)","week":"日","red":"05,13,14,23,25,31","blue":"02","blue2":"","sales":"401382016","poolmoney":"690570120","content":"浙江1注,安徽1注,四川3注,共5注。其中复式投注为：浙江1注,四川1注。","addmoney":"","addmoney2":"","zj1":"2","mj1":"15000000(含派奖5000000)","zj6":"2641476","mj6":"10(含派奖5)","msg":"下期一等奖派奖金额：30000000元。\n六等奖派奖奖金余额：486792620元。","z2add":"","m2add":"","prizegrades":[{"type":1,"typenum":"5","typemoney":"10000000"},{"type":2,"typenum":"211","typemoney":"161007"},{"type":3,"typenum":"937","typemoney":"3000"},{"type":4,"typenum":"58635","typemoney":"200"},{"type":5,"typenum":"1171966","typemoney":"10"},{"type":6,"typenum":"6905902","typemoney":"5"},{"type":7,"typenum":"","typemoney":""}]},{"name":"双色球","code":"2017129","detailsLink":"/c/2017-11-02/414695.shtml","videoLink":"","date":"2017-11-02(四)","week":"四","red":"05,06,09,14,21,33","blue":"02","blue2":"","sales":"334351058","poolmoney":"638652615","content":"山西1注,辽宁1注,广西1注,共3注。","addmoney":"","addmoney2":"","msg":"下期一等奖派奖金额：20000000元。\n六等奖派奖奖金余额：500000000元。","z2add":"","m2add":"","prizegrades":[{"type":1,"typenum":"3","typemoney":"10000000"},{"type":2,"typenum":"116","typemoney":"229558"},{"type":3,"typenum":"783","typemoney":"3000"},{"type":4,"typenum":"47080","typemoney":"200"},{"type":5,"typenum":"999596","typemoney":"10"},{"type":6,"typenum":"7111144","typemoney":"5"},{"type":7,"typenum":"","typemoney":""}]},{"name":"双色球","code":"2017128","detailsLink":"/c/2017-10-31/414613.shtml","videoLink":"","date":"2017-10-31(二)","week":"二","red":"02,06,13,22,29,31","blue":"08","blue2":"","sales":"323872230","poolmoney":"588766113","content":"天津2注,辽宁1注,山东4注,重庆1注,湖北1注,湖南1注,广东1注,云南1注,甘肃1注,共13注。","addmoney":"","addmoney2":"","msg":"","z2add":"","m2add":"","prizegrades":[{"type":1,"typenum":"13","typemoney":"5186374"},{"type":2,"typenum":"111","typemoney":"27284"},{"type":3,"typenum":"2990","typemoney":"3000"},{"type":4,"typenum":"113700","typemoney":"200"},{"type":5,"typenum":"1682133","typemoney":"10"},{"type":6,"typenum":"19610341","typemoney":"5"},{"type":7,"typenum":"","typemoney":""}]},{"name":"双色球","code":"2017127","detailsLink":"/c/2017-10-29/414564.shtml","videoLink":"","date":"2017-10-29(日)","week":"日","red":"14,15,21,24,27,32","blue":"12","blue2":"","sales":"351381232","poolmoney":"647103220","content":"上海1注,江苏1注,广东1注,甘肃1注,共4注。","addmoney":"","addmoney2":"","msg":"","z2add":"","m2add":"","prizegrades":[{"type":1,"typenum":"4","typemoney":"9376343"},{"type":2,"typenum":"63","typemoney":"347328"},{"type":3,"typenum":"1292","typemoney":"3000"},{"type":4,"typenum":"63568","typemoney":"200"},{"type":5,"typenum":"1165868","typemoney":"10"},{"type":6,"typenum":"11280329","typemoney":"5"},{"type":7,"typenum":"","typemoney":""}]},{"name":"双色球","code":"2017126","detailsLink":"/c/2017-10-26/414531.shtml","videoLink":"","date":"2017-10-26(四)","week":"四","red":"01,16,17,21,27,30","blue":"16","blue2":"","sales":"328800104","poolmoney":"618963440","content":"浙江1注,福建6注,云南1注,共8注。","addmoney":"","addmoney2":"","msg":"","z2add":"","m2add":"","prizegrades":[{"type":1,"typenum":"8","typemoney":"7757297"},{"type":2,"typenum":"63","typemoney":"437666"},{"type":3,"typenum":"797","typemoney":"3000"},{"type":4,"typenum":"44573","typemoney":"200"},{"type":5,"typenum":"968685","typemoney":"10"},{"type":6,"typenum":"5965537","typemoney":"5"},{"type":7,"typenum":"","typemoney":""}]},{"name":"双色球","code":"2017125","detailsLink":"/c/2017-10-24/414468.shtml","videoLink":"","date":"2017-10-24(二)","week":"二","red":"01,14,23,25,29,30","blue":"03","blue2":"","sales":"324821104","poolmoney":"598302894","content":"上海1注,安徽1注,山东2注,广东1注,新疆1注,共6注。","addmoney":"","addmoney2":"","msg":"","z2add":"","m2add":"","prizegrades":[{"type":1,"typenum":"6","typemoney":"7793201"},{"type":2,"typenum":"133","typemoney":"157511"},{"type":3,"typenum":"1550","typemoney":"3000"},{"type":4,"typenum":"78944","typemoney":"200"},{"type":5,"typenum":"1430191","typemoney":"10"},{"type":6,"typenum":"8125119","typemoney":"5"},{"type":7,"typenum":"","typemoney":""}]},{"name":"双色球","code":"2017124","detailsLink":"/c/2017-10-22/414419.shtml","videoLink":"","date":"2017-10-22(日)","week":"日","red":"02,06,11,26,28,29","blue":"03","blue2":"","sales":"352610564","poolmoney":"582215080","content":"河北1注,上海1注,安徽1注,福建1注,河南1注,湖南1注,广西1注,青海1注,共8注。","addmoney":"","addmoney2":"","msg":"","z2add":"","m2add":"","prizegrades":[{"type":1,"typenum":"8","typemoney":"6981077"},{"type":2,"typenum":"126","typemoney":"157228"},{"type":3,"typenum":"1980","typemoney":"3000"},{"type":4,"typenum":"81855","typemoney":"200"},{"type":5,"typenum":"1456753","typemoney":"10"},{"type":6,"typenum":"11331508","typemoney":"5"},{"type":7,"typenum":"","typemoney":""}]},{"name":"双色球","code":"2017123","detailsLink":"/c/2017-10-19/414365.shtml","videoLink":"","date":"2017-10-19(四)","week":"四","red":"04,05,06,11,21,31","blue":"10","blue2":"","sales":"327467830","poolmoney":"578631376","content":"山西1注,内蒙古1注,上海1注,江苏2注,福建2注,重庆1注,河南2注,湖北1注,湖南2注,四川1注,贵州2注,共16注。","addmoney":"","addmoney2":"","msg":"","z2add":"","m2add":"","prizegrades":[{"type":1,"typenum":"16","typemoney":"5768364"},{"type":2,"typenum":"237","typemoney":"64840"},{"type":3,"typenum":"1554","typemoney":"3000"},{"type":4,"typenum":"77032","typemoney":"200"},{"type":5,"typenum":"1341534","typemoney":"10"},{"type":6,"typenum":"13101261","typemoney":"5"},{"type":7,"typenum":"","typemoney":""}]},{"name":"双色球","code":"2017122","detailsLink":"/c/2017-10-17/414323.shtml","videoLink":"","date":"2017-10-17(二)","week":"二","red":"11,20,21,22,24,27","blue":"15","blue2":"","sales":"323216212","poolmoney":"624823324","content":"江苏2注,河南2注,共4注。","addmoney":"","addmoney2":"","msg":"","z2add":"","m2add":"","prizegrades":[{"type":1,"typenum":"4","typemoney":"9322578"},{"type":2,"typenum":"52","typemoney":"415632"},{"type":3,"typenum":"1044","typemoney":"3000"},{"type":4,"typenum":"54934","typemoney":"200"},{"type":5,"typenum":"1042097","typemoney":"10"},{"type":6,"typenum":"9476920","typemoney":"5"},{"type":7,"typenum":"","typemoney":""}]},{"name":"双色球","code":"2017121","detailsLink":"/c/2017-10-15/414263.shtml","videoLink":"","date":"2017-10-15(日)","week":"日","red":"11,18,19,22,24,32","blue":"07","blue2":"","sales":"344520506","poolmoney":"597274960","content":"浙江2注,福建1注,湖北1注,云南1注,共5注。","addmoney":"","addmoney2":"","msg":"","z2add":"","m2add":"","prizegrades":[{"type":1,"typenum":"5","typemoney":"7294152"},{"type":2,"typenum":"136","typemoney":"105429"},{"type":3,"typenum":"2039","typemoney":"3000"},{"type":4,"typenum":"89969","typemoney":"200"},{"type":5,"typenum":"1540417","typemoney":"10"},{"type":6,"typenum":"14389253","typemoney":"5"},{"type":7,"typenum":"","typemoney":""}]},{"name":"双色球","code":"2017120","detailsLink":"/c/2017-10-12/414225.shtml","videoLink":"","date":"2017-10-12(四)","week":"四","red":"08,10,15,19,23,28","blue":"16","blue2":"","sales":"319254526","poolmoney":"590730365","content":"河北1注,辽宁1注,安徽1注,四川1注,云南1注,共5注。","addmoney":"","addmoney2":"","msg":"","z2add":"","m2add":"","prizegrades":[{"type":1,"typenum":"5","typemoney":"9211061"},{"type":2,"typenum":"192","typemoney":"137078"},{"type":3,"typenum":"873","typemoney":"3000"},{"type":4,"typenum":"58724","typemoney":"200"},{"type":5,"typenum":"1248592","typemoney":"10"},{"type":6,"typenum":"4861691","typemoney":"5"},{"type":7,"typenum":"","typemoney":""}]},{"name":"双色球","code":"2017119","detailsLink":"/c/2017-10-10/414175.shtml","videoLink":"","date":"2017-10-10(二)","week":"二","red":"09,16,21,25,26,31","blue":"14","blue2":"","sales":"311293858","poolmoney":"557828271","content":"河北1注,江苏2注,浙江1注,安徽1注,重庆2注,河南1注,海南1注,四川1注,陕西1注,共11注。","addmoney":"","addmoney2":"","msg":"","z2add":"","m2add":"","prizegrades":[{"type":1,"typenum":"11","typemoney":"6673237"},{"type":2,"typenum":"127","typemoney":"181157"},{"type":3,"typenum":"1257","typemoney":"3000"},{"type":4,"typenum":"57477","typemoney":"200"},{"type":5,"typenum":"1060985","typemoney":"10"},{"type":6,"typenum":"6925933","typemoney":"5"},{"type":7,"typenum":"","typemoney":""}]},{"name":"双色球","code":"2017118","detailsLink":"/c/2017-10-08/414119.shtml","videoLink":"","date":"2017-10-08(日)","week":"日","red":"08,09,15,22,30,33","blue":"16","blue2":"","sales":"339910326","poolmoney":"562212840","content":"浙江1注,福建1注,重庆1注,河南1注,湖南8注,共12注。","addmoney":"","addmoney2":"","msg":"","z2add":"","m2add":"","prizegrades":[{"type":1,"typenum":"12","typemoney":"6730422"},{"type":2,"typenum":"123","typemoney":"211027"},{"type":3,"typenum":"1054","typemoney":"3000"},{"type":4,"typenum":"67859","typemoney":"200"},{"type":5,"typenum":"1290082","typemoney":"10"},{"type":6,"typenum":"6619217","typemoney":"5"},{"type":7,"typenum":"","typemoney":""}]},{"name":"双色球","code":"2017117","detailsLink":"/c/2017-10-05/414107.shtml","videoLink":"","date":"2017-10-05(四)","week":"四","red":"01,02,08,11,14,21","blue":"09","blue2":"","sales":"277103412","poolmoney":"565108899","content":"山东1注,广东1注,陕西1注,共3注。","addmoney":"","addmoney2":"","msg":"","z2add":"","m2add":"","prizegrades":[{"type":1,"typenum":"3","typemoney":"8633236"},{"type":2,"typenum":"53","typemoney":"257068"},{"type":3,"typenum":"1146","typemoney":"3000"},{"type":4,"typenum":"57568","typemoney":"200"},{"type":5,"typenum":"1078500","typemoney":"10"},{"type":6,"typenum":"11109106","typemoney":"5"},{"type":7,"typenum":"","typemoney":""}]},{"name":"双色球","code":"2017116","detailsLink":"/c/2017-10-03/414097.shtml","videoLink":"","date":"2017-10-03(二)","week":"二","red":"02,14,20,22,30,32","blue":"02","blue2":"","sales":"270066216","poolmoney":"550134702","content":"辽宁1注,江苏1注,河南1注,湖北1注,广东1注,海南1注,四川1注,云南2注,共9注。","addmoney":"","addmoney2":"","msg":"","z2add":"","m2add":"","prizegrades":[{"type":1,"typenum":"9","typemoney":"6537998"},{"type":2,"typenum":"85","typemoney":"203558"},{"type":3,"typenum":"1372","typemoney":"3000"},{"type":4,"typenum":"60997","typemoney":"200"},{"type":5,"typenum":"1028626","typemoney":"10"},{"type":6,"typenum":"7304167","typemoney":"5"},{"type":7,"typenum":"","typemoney":""}]},{"name":"双色球","code":"2017115","detailsLink":"/c/2017-10-01/414084.shtml","videoLink":"","date":"2017-10-01(日)","week":"日","red":"04,10,11,25,30,31","blue":"01","blue2":"","sales":"322048056","poolmoney":"557069238","content":"广东3注,广西2注,云南1注,共6注。","addmoney":"","addmoney2":"","msg":"","z2add":"","m2add":"","prizegrades":[{"type":1,"typenum":"6","typemoney":"8233631"},{"type":2,"typenum":"128","typemoney":"189470"},{"type":3,"typenum":"1141","typemoney":"3000"},{"type":4,"typenum":"60892","typemoney":"200"},{"type":5,"typenum":"1176240","typemoney":"10"},{"type":6,"typenum":"6686161","typemoney":"5"},{"type":7,"typenum":"","typemoney":""}]},{"name":"双色球","code":"2017114","detailsLink":"/c/2017-09-28/413959.shtml","videoLink":"","date":"2017-09-28(四)","week":"四","red":"06,12,13,15,18,26","blue":"13","blue2":"","sales":"321554260","poolmoney":"533714324","content":"上海1注,山东1注,湖北1注,深圳1注,共4注。","addmoney":"","addmoney2":"","msg":"","z2add":"","m2add":"","prizegrades":[{"type":1,"typenum":"4","typemoney":"9187872"},{"type":2,"typenum":"89","typemoney":"235273"},{"type":3,"typenum":"1225","typemoney":"3000"},{"type":4,"typenum":"65842","typemoney":"200"},{"type":5,"typenum":"1241716","typemoney":"10"},{"type":6,"typenum":"8908714","typemoney":"5"},{"type":7,"typenum":"","typemoney":""}]},{"name":"双色球","code":"2017113","detailsLink":"/c/2017-09-26/413904.shtml","videoLink":"","date":"2017-09-26(二)","week":"二","red":"04,06,16,27,29,33","blue":"05","blue2":"","sales":"316223542","poolmoney":"507647724","content":"河北1注,辽宁1注,山东2注,共4注。","addmoney":"","addmoney2":"","msg":"","z2add":"","m2add":"","prizegrades":[{"type":1,"typenum":"4","typemoney":"8403060"},{"type":2,"typenum":"75","typemoney":"226870"},{"type":3,"typenum":"1443","typemoney":"3000"},{"type":4,"typenum":"67849","typemoney":"200"},{"type":5,"typenum":"1213695","typemoney":"10"},{"type":6,"typenum":"11370515","typemoney":"5"},{"type":7,"typenum":"","typemoney":""}]},{"name":"双色球","code":"2017112","detailsLink":"/c/2017-09-24/413844.shtml","videoLink":"","date":"2017-09-24(日)","week":"日","red":"03,10,14,16,22,23","blue":"11","blue2":"","sales":"346255520","poolmoney":"490214060","content":"广东1注,陕西1注,共2注。","addmoney":"","addmoney2":"","msg":"","z2add":"","m2add":"","prizegrades":[{"type":1,"typenum":"2","typemoney":"10000000"},{"type":2,"typenum":"76","typemoney":"292461"},{"type":3,"typenum":"1344","typemoney":"3000"},{"type":4,"typenum":"64339","typemoney":"200"},{"type":5,"typenum":"1217948","typemoney":"10"},{"type":6,"typenum":"10335549","typemoney":"5"},{"type":7,"typenum":"","typemoney":""}]},{"name":"双色球","code":"2017111","detailsLink":"/c/2017-09-21/413798.shtml","videoLink":"","date":"2017-09-21(四)","week":"四","red":"05,10,17,19,29,32","blue":"12","blue2":"","sales":"317976914","poolmoney":"443532928","content":"黑龙江1注,江苏1注,浙江4注,福建1注,重庆2注,湖北2注,广东5注,共16注。","addmoney":"","addmoney2":"","msg":"","z2add":"","m2add":"","prizegrades":[{"type":1,"typenum":"16","typemoney":"5921674"},{"type":2,"typenum":"99","typemoney":"186196"},{"type":3,"typenum":"1503","typemoney":"3000"},{"type":4,"typenum":"76650","typemoney":"200"},{"type":5,"typenum":"1364133","typemoney":"10"},{"type":6,"typenum":"9718883","typemoney":"5"},{"type":7,"typenum":"","typemoney":""}]},{"name":"双色球","code":"2017110","detailsLink":"/c/2017-09-19/413726.shtml","videoLink":"","date":"2017-09-19(二)","week":"二","red":"01,03,12,15,19,23","blue":"14","blue2":"","sales":"316936062","poolmoney":"482979264","content":"河北1注,安徽1注,湖北1注,共3注。","addmoney":"","addmoney2":"","msg":"","z2add":"","m2add":"","prizegrades":[{"type":1,"typenum":"3","typemoney":"10000000"},{"type":2,"typenum":"68","typemoney":"377100"},{"type":3,"typenum":"747","typemoney":"3000"},{"type":4,"typenum":"43574","typemoney":"200"},{"type":5,"typenum":"973444","typemoney":"10"},{"type":6,"typenum":"6407418","typemoney":"5"},{"type":7,"typenum":"","typemoney":""}]},{"name":"双色球","code":"2017109","detailsLink":"/c/2017-09-17/413662.shtml","videoLink":"","date":"2017-09-17(日)","week":"日","red":"08,14,16,18,21,23","blue":"16","blue2":"","sales":"349302018","poolmoney":"436050760","content":"黑龙江1注,贵州1注,云南2注,共4注。","addmoney":"","addmoney2":"","msg":"","z2add":"","m2add":"","prizegrades":[{"type":1,"typenum":"4","typemoney":"10000000"},{"type":2,"typenum":"96","typemoney":"296384"},{"type":3,"typenum":"795","typemoney":"3000"},{"type":4,"typenum":"47610","typemoney":"200"},{"type":5,"typenum":"1019017","typemoney":"10"},{"type":6,"typenum":"7049837","typemoney":"5"},{"type":7,"typenum":"","typemoney":""}]},{"name":"双色球","code":"2017108","detailsLink":"/c/2017-09-14/413621.shtml","videoLink":"","date":"2017-09-14(四)","week":"四","red":"07,12,14,15,17,20","blue":"01","blue2":"","sales":"320774192","poolmoney":"390692040","content":"山西1注,内蒙古1注,江西1注,山东1注,重庆2注,共6注。","addmoney":"","addmoney2":"","msg":"","z2add":"","m2add":"","prizegrades":[{"type":1,"typenum":"6","typemoney":"8141359"},{"type":2,"typenum":"113","typemoney":"208497"},{"type":3,"typenum":"957","typemoney":"3000"},{"type":4,"typenum":"54375","typemoney":"200"},{"type":5,"typenum":"1048588","typemoney":"10"},{"type":6,"typenum":"7741340","typemoney":"5"},{"type":7,"typenum":"","typemoney":""}]},{"name":"双色球","code":"2017107","detailsLink":"/c/2017-09-12/413568.shtml","videoLink":"","date":"2017-09-12(二)","week":"二","red":"08,09,15,17,30,32","blue":"06","blue2":"","sales":"319335446","poolmoney":"368859616","content":"北京1注,上海15注,江西1注,广东1注,宁夏1注,共19注。","addmoney":"","addmoney2":"","msg":"","z2add":"","m2add":"","prizegrades":[{"type":1,"typenum":"19","typemoney":"5814695"},{"type":2,"typenum":"202","typemoney":"95787"},{"type":3,"typenum":"1398","typemoney":"3000"},{"type":4,"typenum":"68532","typemoney":"200"},{"type":5,"typenum":"1293285","typemoney":"10"},{"type":6,"typenum":"9649004","typemoney":"5"},{"type":7,"typenum":"","typemoney":""}]},{"name":"双色球","code":"2017106","detailsLink":"/c/2017-09-10/413506.shtml","videoLink":"","date":"2017-09-10(日)","week":"日","red":"12,15,20,25,27,31","blue":"02","blue2":"","sales":"346574690","poolmoney":"421291764","content":"河北1注,吉林1注,福建1注,湖南1注,共4注。","addmoney":"","addmoney2":"","msg":"","z2add":"","m2add":"","prizegrades":[{"type":1,"typenum":"4","typemoney":"10000000"},{"type":2,"typenum":"82","typemoney":"306613"},{"type":3,"typenum":"802","typemoney":"3000"},{"type":4,"typenum":"51738","typemoney":"200"},{"type":5,"typenum":"1081678","typemoney":"10"},{"type":6,"typenum":"9136411","typemoney":"5"},{"type":7,"typenum":"","typemoney":""}]},{"name":"双色球","code":"2017105","detailsLink":"/c/2017-09-07/413457.shtml","videoLink":"","date":"2017-09-07(四)","week":"四","red":"03,06,07,12,25,26","blue":"07","blue2":"","sales":"314223620","poolmoney":"385864894","content":"河北1注,山西2注,辽宁2注,上海2注,江苏1注,浙江4注,山东2注,河南2注,湖南4注,广东2注,广西6注,宁夏1注,共29注。","addmoney":"","addmoney2":"","msg":"","z2add":"","m2add":"","prizegrades":[{"type":1,"typenum":"29","typemoney":"5091000"},{"type":2,"typenum":"254","typemoney":"12987"},{"type":3,"typenum":"5050","typemoney":"3000"},{"type":4,"typenum":"164897","typemoney":"200"},{"type":5,"typenum":"2109753","typemoney":"10"},{"type":6,"typenum":"14309512","typemoney":"5"},{"type":7,"typenum":"","typemoney":""}]},{"name":"双色球","code":"2017104","detailsLink":"/c/2017-09-05/413406.shtml","videoLink":"","date":"2017-09-05(二)","week":"二","red":"01,14,15,20,23,30","blue":"14","blue2":"","sales":"310263038","poolmoney":"523607612","content":"黑龙江1注,贵州1注,共2注。","addmoney":"","addmoney2":"","msg":"","z2add":"","m2add":"","prizegrades":[{"type":1,"typenum":"2","typemoney":"10000000"},{"type":2,"typenum":"93","typemoney":"265208"},{"type":3,"typenum":"776","typemoney":"3000"},{"type":4,"typenum":"44513","typemoney":"200"},{"type":5,"typenum":"878597","typemoney":"10"},{"type":6,"typenum":"6670926","typemoney":"5"},{"type":7,"typenum":"","typemoney":""}]},{"name":"双色球","code":"2017103","detailsLink":"/c/2017-09-03/413340.shtml","videoLink":"","date":"2017-09-03(日)","week":"日","red":"01,21,23,25,31,33","blue":"01","blue2":"","sales":"347478996","poolmoney":"469614348","content":"山西1注,山东1注,重庆2注,湖南1注,广东3注,贵州1注,共9注。","addmoney":"","addmoney2":"","msg":"","z2add":"","m2add":"","prizegrades":[{"type":1,"typenum":"9","typemoney":"7401779"},{"type":2,"typenum":"64","typemoney":"422187"},{"type":3,"typenum":"856","typemoney":"3000"},{"type":4,"typenum":"43195","typemoney":"200"},{"type":5,"typenum":"806982","typemoney":"10"},{"type":6,"typenum":"8581566","typemoney":"5"},{"type":7,"typenum":"","typemoney":""}]},{"name":"双色球","code":"2017102","detailsLink":"/c/2017-08-31/413293.shtml","videoLink":"","date":"2017-08-31(四)","week":"四","red":"04,08,10,14,18,20","blue":"11","blue2":"","sales":"315963272","poolmoney":"455170324","content":"北京3注,河北1注,内蒙古1注,辽宁1注,黑龙江1注,广东2注,四川1注,云南2注,新疆1注,深圳1注,共14注。","addmoney":"","addmoney2":"","msg":"","z2add":"","m2add":"","prizegrades":[{"type":1,"typenum":"14","typemoney":"5682901"},{"type":2,"typenum":"150","typemoney":"79671"},{"type":3,"typenum":"1682","typemoney":"3000"},{"type":4,"typenum":"79971","typemoney":"200"},{"type":5,"typenum":"1378116","typemoney":"10"},{"type":6,"typenum":"14439511","typemoney":"5"},{"type":7,"typenum":"","typemoney":""}]},{"name":"双色球","code":"2017101","detailsLink":"/c/2017-08-29/413218.shtml","videoLink":"","date":"2017-08-29(二)","week":"二","red":"01,04,11,28,31,32","blue":"16","blue2":"","sales":"313219868","poolmoney":"498878630","content":"广东1注,甘肃1注,共2注。","addmoney":"","addmoney2":"","msg":"","z2add":"","m2add":"","prizegrades":[{"type":1,"typenum":"2","typemoney":"10000000"},{"type":2,"typenum":"51","typemoney":"548154"},{"type":3,"typenum":"606","typemoney":"3000"},{"type":4,"typenum":"35152","typemoney":"200"},{"type":5,"typenum":"780019","typemoney":"10"},{"type":6,"typenum":"5001121","typemoney":"5"},{"type":7,"typenum":"","typemoney":""}]},{"name":"双色球","code":"2017100","detailsLink":"/c/2017-08-27/413126.shtml","videoLink":"","date":"2017-08-27(日)","week":"日","red":"04,07,08,18,23,24","blue":"02","blue2":"","sales":"343590604","poolmoney":"435010976","content":"北京10注,江苏2注,浙江1注,重庆1注,湖南1注,陕西1注,共16注。","addmoney":"","addmoney2":"","msg":"","z2add":"","m2add":"","prizegrades":[{"type":1,"typenum":"16","typemoney":"6241187"},{"type":2,"typenum":"117","typemoney":"212168"},{"type":3,"typenum":"1157","typemoney":"3000"},{"type":4,"typenum":"64891","typemoney":"200"},{"type":5,"typenum":"1279253","typemoney":"10"},{"type":6,"typenum":"7964531","typemoney":"5"},{"type":7,"typenum":"","typemoney":""}]},{"name":"双色球","code":"2017099","detailsLink":"/c/2017-08-24/413073.shtml","videoLink":"","date":"2017-08-24(四)","week":"四","red":"02,05,06,16,28,29","blue":"04","blue2":"","sales":"310565530","poolmoney":"460398735","content":"天津15注,河北1注,内蒙古1注,上海1注,浙江2注,安徽2注,福建1注,广东2注,广西1注,四川1注,共27注。","addmoney":"","addmoney2":"","msg":"","z2add":"","m2add":"","prizegrades":[{"type":1,"typenum":"27","typemoney":"5455945"},{"type":2,"typenum":"142","typemoney":"108367"},{"type":3,"typenum":"2109","typemoney":"3000"},{"type":4,"typenum":"88811","typemoney":"200"},{"type":5,"typenum":"1502773","typemoney":"10"},{"type":6,"typenum":"10301500","typemoney":"5"},{"type":7,"typenum":"","typemoney":""}]},{"name":"双色球","code":"2017098","detailsLink":"/c/2017-08-22/413065.shtml","videoLink":"","date":"2017-08-22(二)","week":"二","red":"04,19,22,27,30,33","blue":"01","blue2":"","sales":"314009676","poolmoney":"561544774","content":"辽宁1注,上海1注,江苏1注,浙江1注,安徽1注,江西4注,山东1注,湖南1注,广东1注,广西1注,云南1注,共14注。","addmoney":"","addmoney2":"","msg":"","z2add":"","m2add":"","prizegrades":[{"type":1,"typenum":"14","typemoney":"5401390"},{"type":2,"typenum":"93","typemoney":"75530"},{"type":3,"typenum":"2157","typemoney":"3000"},{"type":4,"typenum":"96656","typemoney":"200"},{"type":5,"typenum":"1577135","typemoney":"10"},{"type":6,"typenum":"16838772","typemoney":"5"},{"type":7,"typenum":"","typemoney":""}]},{"name":"双色球","code":"2017097","detailsLink":"/c/2017-08-20/413057.shtml","videoLink":"","date":"2017-08-20(日)","week":"日","red":"05,10,18,19,30,31","blue":"03","blue2":"","sales":"348913966","poolmoney":"616091250","content":"河北1注,上海1注,浙江1注,江西3注,湖北1注,广东1注,广西1注,新疆1注,共10注。","addmoney":"","addmoney2":"","msg":"","z2add":"","m2add":"","prizegrades":[{"type":1,"typenum":"10","typemoney":"6980859"},{"type":2,"typenum":"183","typemoney":"135304"},{"type":3,"typenum":"1359","typemoney":"3000"},{"type":4,"typenum":"69276","typemoney":"200"},{"type":5,"typenum":"1291364","typemoney":"10"},{"type":6,"typenum":"8215808","typemoney":"5"},{"type":7,"typenum":"","typemoney":""}]},{"name":"双色球","code":"2017096","detailsLink":"/c/2017-08-17/413047.shtml","videoLink":"","date":"2017-08-17(四)","week":"四","red":"02,06,11,12,19,29","blue":"06","blue2":"","sales":"322973284","poolmoney":"611617622","content":"河北1注,山西1注,吉林1注,黑龙江1注,江西1注,山东2注,重庆2注,湖北1注,四川2注,陕西1注,新疆1注,共14注。","addmoney":"","addmoney2":"","msg":"","z2add":"","m2add":"","prizegrades":[{"type":1,"typenum":"14","typemoney":"6270042"},{"type":2,"typenum":"165","typemoney":"134701"},{"type":3,"typenum":"1755","typemoney":"3000"},{"type":4,"typenum":"74735","typemoney":"200"},{"type":5,"typenum":"1247731","typemoney":"10"},{"type":6,"typenum":"7332922","typemoney":"5"},{"type":7,"typenum":"","typemoney":""}]},{"name":"双色球","code":"2017095","detailsLink":"/c/2017-08-15/413039.shtml","videoLink":"","date":"2017-08-15(二)","week":"二","red":"09,10,12,19,22,29","blue":"16","blue2":"","sales":"317203922","poolmoney":"632720984","content":"吉林1注,江苏2注,浙江3注,贵州7注,云南1注,共14注。","addmoney":"","addmoney2":"","msg":"","z2add":"","m2add":"","prizegrades":[{"type":1,"typenum":"14","typemoney":"6159602"},{"type":2,"typenum":"332","typemoney":"61123"},{"type":3,"typenum":"1789","typemoney":"3000"},{"type":4,"typenum":"92157","typemoney":"200"},{"type":5,"typenum":"1542172","typemoney":"10"},{"type":6,"typenum":"7007522","typemoney":"5"},{"type":7,"typenum":"","typemoney":""}]},{"name":"双色球","code":"2017094","detailsLink":"/c/2017-08-13/413031.shtml","videoLink":"","date":"2017-08-13(日)","week":"日","red":"08,11,13,19,28,31","blue":"06","blue2":"","sales":"341689810","poolmoney":"658076283","content":"吉林1注,安徽3注,河南1注,湖南1注,广东1注,四川1注,云南1注,共9注。","addmoney":"","addmoney2":"","msg":"","z2add":"","m2add":"","prizegrades":[{"type":1,"typenum":"9","typemoney":"6630843"},{"type":2,"typenum":"128","typemoney":"143335"},{"type":3,"typenum":"1876","typemoney":"3000"},{"type":4,"typenum":"86932","typemoney":"200"},{"type":5,"typenum":"1495198","typemoney":"10"},{"type":6,"typenum":"11214738","typemoney":"5"},{"type":7,"typenum":"","typemoney":""}]},{"name":"双色球","code":"2017093","detailsLink":"/c/2017-08-10/412943.shtml","videoLink":"","date":"2017-08-10(四)","week":"四","red":"07,08,09,15,22,27","blue":"12","blue2":"","sales":"308248758","poolmoney":"662712921","content":"江苏1注,浙江2注,安徽1注,山东4注,河南1注,广东26注,四川1注,青海1注,宁夏1注,深圳1注,共39注。","addmoney":"","addmoney2":"","msg":"","z2add":"","m2add":"","prizegrades":[{"type":1,"typenum":"39","typemoney":"5290308"},{"type":2,"typenum":"238","typemoney":"59464"},{"type":3,"typenum":"2259","typemoney":"3000"},{"type":4,"typenum":"103680","typemoney":"200"},{"type":5,"typenum":"1691934","typemoney":"10"},{"type":6,"typenum":"9999861","typemoney":"5"},{"type":7,"typenum":"","typemoney":""}]},{"name":"双色球","code":"2017092","detailsLink":"/c/2017-08-08/412935.shtml","videoLink":"","date":"2017-08-08(二)","week":"二","red":"10,18,19,29,32,33","blue":"09","blue2":"","sales":"308876342","poolmoney":"826577324","content":"浙江1注,河南3注,共4注。","addmoney":"","addmoney2":"","msg":"","z2add":"","m2add":"","prizegrades":[{"type":1,"typenum":"4","typemoney":"9605819"},{"type":2,"typenum":"131","typemoney":"175794"},{"type":3,"typenum":"909","typemoney":"3000"},{"type":4,"typenum":"47240","typemoney":"200"},{"type":5,"typenum":"897113","typemoney":"10"},{"type":6,"typenum":"7617376","typemoney":"5"},{"type":7,"typenum":"","typemoney":""}]},{"name":"双色球","code":"2017091","detailsLink":"/c/2017-08-06/412927.shtml","videoLink":"","date":"2017-08-06(日)","week":"日","red":"05,07,10,23,28,29","blue":"03","blue2":"","sales":"337138076","poolmoney":"795913308","content":"山东2注,云南1注,新疆1注,共4注。","addmoney":"","addmoney2":"","msg":"","z2add":"","m2add":"","prizegrades":[{"type":1,"typenum":"4","typemoney":"8923729"},{"type":2,"typenum":"141","typemoney":"139139"},{"type":3,"typenum":"1604","typemoney":"3000"},{"type":4,"typenum":"75636","typemoney":"200"},{"type":5,"typenum":"1342235","typemoney":"10"},{"type":6,"typenum":"10672303","typemoney":"5"},{"type":7,"typenum":"","typemoney":""}]},{"name":"双色球","code":"2017090","detailsLink":"/c/2017-08-03/412917.shtml","videoLink":"","date":"2017-08-03(四)","week":"四","red":"01,07,10,16,22,33","blue":"09","blue2":"","sales":"312174318","poolmoney":"772752284","content":"天津1注,山东1注,云南2注,共4注。","addmoney":"","addmoney2":"","msg":"","z2add":"","m2add":"","prizegrades":[{"type":1,"typenum":"4","typemoney":"8842613"},{"type":2,"typenum":"84","typemoney":"228726"},{"type":3,"typenum":"1158","typemoney":"3000"},{"type":4,"typenum":"57206","typemoney":"200"},{"type":5,"typenum":"1091702","typemoney":"10"},{"type":6,"typenum":"10056187","typemoney":"5"},{"type":7,"typenum":"","typemoney":""}]},{"name":"双色球","code":"2017089","detailsLink":"/c/2017-08-01/412908.shtml","videoLink":"","date":"2017-08-01(二)","week":"二","red":"11,12,13,16,23,25","blue":"12","blue2":"","sales":"314842050","poolmoney":"750483542","content":"辽宁1注,河南1注,共2注。","addmoney":"","addmoney2":"","msg":"","z2add":"","m2add":"","prizegrades":[{"type":1,"typenum":"2","typemoney":"10000000"},{"type":2,"typenum":"69","typemoney":"328347"},{"type":3,"typenum":"1026","typemoney":"3000"},{"type":4,"typenum":"49435","typemoney":"200"},{"type":5,"typenum":"1003431","typemoney":"10"},{"type":6,"typenum":"8129858","typemoney":"5"},{"type":7,"typenum":"","typemoney":""}]},{"name":"双色球","code":"2017088","detailsLink":"/c/2017-07-30/412900.shtml","videoLink":"","date":"2017-07-30(日)","week":"日","red":"07,09,18,22,23,29","blue":"06","blue2":"","sales":"346380162","poolmoney":"702515540","content":"黑龙江1注,上海1注,江苏1注,安徽2注,江西2注,山东1注,广东2注,共10注。","addmoney":"","addmoney2":"","msg":"","z2add":"","m2add":"","prizegrades":[{"type":1,"typenum":"10","typemoney":"6725767"},{"type":2,"typenum":"406","typemoney":"53133"},{"type":3,"typenum":"1917","typemoney":"3000"},{"type":4,"typenum":"95828","typemoney":"200"},{"type":5,"typenum":"1708166","typemoney":"10"},{"type":6,"typenum":"8287929","typemoney":"5"},{"type":7,"typenum":"","typemoney":""}]},{"name":"双色球","code":"2017087","detailsLink":"/c/2017-07-27/412890.shtml","videoLink":"","date":"2017-07-27(四)","week":"四","red":"03,06,13,14,19,28","blue":"06","blue2":"","sales":"316090948","poolmoney":"705056937","content":"天津1注,江苏2注,安徽1注,山东1注,河南2注,广东2注,广西1注,贵州1注,深圳2注,共13注。","addmoney":"","addmoney2":"","msg":"","z2add":"","m2add":"","prizegrades":[{"type":1,"typenum":"13","typemoney":"5785674"},{"type":2,"typenum":"105","typemoney":"121592"},{"type":3,"typenum":"2100","typemoney":"3000"},{"type":4,"typenum":"91345","typemoney":"200"},{"type":5,"typenum":"1428854","typemoney":"10"},{"type":6,"typenum":"12991642","typemoney":"5"},{"type":7,"typenum":"","typemoney":""}]},{"name":"双色球","code":"2017086","detailsLink":"/c/2017-07-25/412864.shtml","videoLink":"","date":"2017-07-25(二)","week":"二","red":"03,05,06,13,20,22","blue":"07","blue2":"","sales":"313250840","poolmoney":"741969095","content":"山东1注,广西3注,云南1注,共5注。","addmoney":"","addmoney2":"","msg":"","z2add":"","m2add":"","prizegrades":[{"type":1,"typenum":"5","typemoney":"7211165"},{"type":2,"typenum":"73","typemoney":"189312"},{"type":3,"typenum":"1592","typemoney":"3000"},{"type":4,"typenum":"71827","typemoney":"200"},{"type":5,"typenum":"1279364","typemoney":"10"},{"type":6,"typenum":"13255749","typemoney":"5"},{"type":7,"typenum":"","typemoney":""}]},{"name":"双色球","code":"2017085","detailsLink":"/c/2017-07-23/412791.shtml","videoLink":"","date":"2017-07-23(日)","week":"日","red":"01,05,06,16,25,30","blue":"09","blue2":"","sales":"340676888","poolmoney":"736565578","content":"浙江1注,安徽1注,江西1注,重庆1注,广东2注,广西1注,共7注。","addmoney":"","addmoney2":"","msg":"","z2add":"","m2add":"","prizegrades":[{"type":1,"typenum":"7","typemoney":"6315240"},{"type":2,"typenum":"148","typemoney":"77759"},{"type":3,"typenum":"2046","typemoney":"3000"},{"type":4,"typenum":"91556","typemoney":"200"},{"type":5,"typenum":"1520586","typemoney":"10"},{"type":6,"typenum":"16248640","typemoney":"5"},{"type":7,"typenum":"","typemoney":""}]},{"name":"双色球","code":"2017084","detailsLink":"/c/2017-07-20/412781.shtml","videoLink":"","date":"2017-07-20(四)","week":"四","red":"01,05,11,20,22,24","blue":"02","blue2":"","sales":"314750766","poolmoney":"746247204","content":"内蒙古1注,辽宁1注,安徽1注,山东1注,河南1注,广东1注,广西1注,陕西2注,共9注。","addmoney":"","addmoney2":"","msg":"","z2add":"","m2add":"","prizegrades":[{"type":1,"typenum":"9","typemoney":"7021235"},{"type":2,"typenum":"98","typemoney":"232029"},{"type":3,"typenum":"1375","typemoney":"3000"},{"type":4,"typenum":"64443","typemoney":"200"},{"type":5,"typenum":"1209543","typemoney":"10"},{"type":6,"typenum":"6832651","typemoney":"5"},{"type":7,"typenum":"","typemoney":""}]},{"name":"双色球","code":"2017083","detailsLink":"/c/2017-07-18/412755.shtml","videoLink":"","date":"2017-07-18(二)","week":"二","red":"03,08,14,20,24,26","blue":"12","blue2":"","sales":"305712986","poolmoney":"741221637","content":"河北1注,江苏2注,江西1注,湖北1注,湖南1注,广东1注,四川1注,贵州1注,云南2注,新疆2注,共13注。","addmoney":"","addmoney2":"","msg":"","z2add":"","m2add":"","prizegrades":[{"type":1,"typenum":"13","typemoney":"6005980"},{"type":2,"typenum":"161","typemoney":"101535"},{"type":3,"typenum":"1885","typemoney":"3000"},{"type":4,"typenum":"83588","typemoney":"200"},{"type":5,"typenum":"1366711","typemoney":"10"},{"type":6,"typenum":"9674189","typemoney":"5"},{"type":7,"typenum":"","typemoney":""}]},{"name":"双色球","code":"2017082","detailsLink":"/c/2017-07-16/412747.shtml","videoLink":"","date":"2017-07-16(日)","week":"日","red":"14,18,21,25,28,29","blue":"10","blue2":"","sales":"340327376","poolmoney":"770257854","content":"山西3注,辽宁1注,湖南1注,广西1注,四川3注,共9注。","addmoney":"","addmoney2":"","msg":"","z2add":"","m2add":"","prizegrades":[{"type":1,"typenum":"9","typemoney":"6764976"},{"type":2,"typenum":"120","typemoney":"165466"},{"type":3,"typenum":"1265","typemoney":"3000"},{"type":4,"typenum":"68134","typemoney":"200"},{"type":5,"typenum":"1287310","typemoney":"10"},{"type":6,"typenum":"11408311","typemoney":"5"},{"type":7,"typenum":"","typemoney":""}]},{"name":"双色球","code":"2017081","detailsLink":"/c/2017-07-13/412736.shtml","videoLink":"","date":"2017-07-13(四)","week":"四","red":"03,05,14,25,26,30","blue":"05","blue2":"","sales":"311169340","poolmoney":"771574680","content":"河南3注,宁夏1注,共4注。","addmoney":"","addmoney2":"","msg":"","z2add":"","m2add":"","prizegrades":[{"type":1,"typenum":"4","typemoney":"7764217"},{"type":2,"typenum":"134","typemoney":"103142"},{"type":3,"typenum":"2050","typemoney":"3000"},{"type":4,"typenum":"82194","typemoney":"200"},{"type":5,"typenum":"1315821","typemoney":"10"},{"type":6,"typenum":"12288324","typemoney":"5"},{"type":7,"typenum":"","typemoney":""}]},{"name":"双色球","code":"2017080","detailsLink":"/c/2017-07-11/412728.shtml","videoLink":"","date":"2017-07-11(二)","week":"二","red":"01,12,16,20,22,24","blue":"08","blue2":"","sales":"309113400","poolmoney":"761168290","content":"内蒙古1注,辽宁2注,浙江1注,安徽1注,河南2注,广东3注,共10注。","addmoney":"","addmoney2":"","msg":"","z2add":"","m2add":"","prizegrades":[{"type":1,"typenum":"10","typemoney":"6418690"},{"type":2,"typenum":"103","typemoney":"172171"},{"type":3,"typenum":"1272","typemoney":"3000"},{"type":4,"typenum":"64285","typemoney":"200"},{"type":5,"typenum":"1152662","typemoney":"10"},{"type":6,"typenum":"10466289","typemoney":"5"},{"type":7,"typenum":"","typemoney":""}]},{"name":"双色球","code":"2017079","detailsLink":"/c/2017-07-09/412719.shtml","videoLink":"","date":"2017-07-09(日)","week":"日","red":"03,07,14,23,25,27","blue":"08","blue2":"","sales":"338568770","poolmoney":"772154315","content":"黑龙江1注,浙江1注,福建1注,山东1注,河南1注,共5注。","addmoney":"","addmoney2":"","msg":"","z2add":"","m2add":"","prizegrades":[{"type":1,"typenum":"5","typemoney":"7420610"},{"type":2,"typenum":"107","typemoney":"141390"},{"type":3,"typenum":"2040","typemoney":"3000"},{"type":4,"typenum":"92475","typemoney":"200"},{"type":5,"typenum":"1572509","typemoney":"10"},{"type":6,"typenum":"13008667","typemoney":"5"},{"type":7,"typenum":"","typemoney":""}]},{"name":"双色球","code":"2017078","detailsLink":"/c/2017-07-06/412704.shtml","videoLink":"","date":"2017-07-06(四)","week":"四","red":"05,07,18,19,22,24","blue":"16","blue2":"","sales":"308678006","poolmoney":"763870919","content":"上海1注,浙江1注,山东3注,重庆1注,广东1注,共7注。","addmoney":"","addmoney2":"","msg":"","z2add":"","m2add":"","prizegrades":[{"type":1,"typenum":"7","typemoney":"7387529"},{"type":2,"typenum":"160","typemoney":"130568"},{"type":3,"typenum":"1443","typemoney":"3000"},{"type":4,"typenum":"76921","typemoney":"200"},{"type":5,"typenum":"1441788","typemoney":"10"},{"type":6,"typenum":"6711520","typemoney":"5"},{"type":7,"typenum":"","typemoney":""}]},{"name":"双色球","code":"2017077","detailsLink":"/c/2017-07-04/412623.shtml","videoLink":"","date":"2017-07-04(二)","week":"二","red":"01,02,04,15,17,22","blue":"14","blue2":"","sales":"310153396","poolmoney":"752910976","content":"内蒙古1注,河南1注,湖北1注,贵州1注,共4注。","addmoney":"","addmoney2":"","msg":"","z2add":"","m2add":"","prizegrades":[{"type":1,"typenum":"4","typemoney":"9715359"},{"type":2,"typenum":"93","typemoney":"253513"},{"type":3,"typenum":"820","typemoney":"3000"},{"type":4,"typenum":"47698","typemoney":"200"},{"type":5,"typenum":"964676","typemoney":"10"},{"type":6,"typenum":"7204322","typemoney":"5"},{"type":7,"typenum":"","typemoney":""}]},{"name":"双色球","code":"2017076","detailsLink":"/c/2017-07-02/412530.shtml","videoLink":"","date":"2017-07-02(日)","week":"日","red":"01,04,08,09,14,15","blue":"13","blue2":"","sales":"346391726","poolmoney":"721042021","content":"山西1注,辽宁2注,安徽1注,重庆1注,广东1注,四川1注,共7注。","addmoney":"","addmoney2":"","msg":"","z2add":"","m2add":"","prizegrades":[{"type":1,"typenum":"7","typemoney":"7321488"},{"type":2,"typenum":"115","typemoney":"176634"},{"type":3,"typenum":"1550","typemoney":"3000"},{"type":4,"typenum":"77977","typemoney":"200"},{"type":5,"typenum":"1455485","typemoney":"10"},{"type":6,"typenum":"10735920","typemoney":"5"},{"type":7,"typenum":"","typemoney":""}]},{"name":"双色球","code":"2017075","detailsLink":"/c/2017-06-29/412481.shtml","videoLink":"","date":"2017-06-29(四)","week":"四","red":"01,03,06,19,21,29","blue":"07","blue2":"","sales":"320592160","poolmoney":"711353370","content":"河北1注,上海1注,浙江2注,山东1注,广东1注,四川1注,共7注。","addmoney":"","addmoney2":"","msg":"","z2add":"","m2add":"","prizegrades":[{"type":1,"typenum":"7","typemoney":"6363935"},{"type":2,"typenum":"90","typemoney":"132604"},{"type":3,"typenum":"1808","typemoney":"3000"},{"type":4,"typenum":"84968","typemoney":"200"},{"type":5,"typenum":"1397845","typemoney":"10"},{"type":6,"typenum":"14591274","typemoney":"5"},{"type":7,"typenum":"","typemoney":""}]},{"name":"双色球","code":"2017074","detailsLink":"/c/2017-06-27/412403.shtml","videoLink":"","date":"2017-06-27(二)","week":"二","red":"02,06,16,23,30,31","blue":"02","blue2":"","sales":"312167868","poolmoney":"720097616","content":"北京1注,辽宁1注,上海3注,江苏1注,安徽1注,福建1注,江西1注,山东2注,广东1注,广西1注,海南1注,陕西1注,深圳1注,共16注。","addmoney":"","addmoney2":"","msg":"","z2add":"","m2add":"","prizegrades":[{"type":1,"typenum":"16","typemoney":"6194147"},{"type":2,"typenum":"548","typemoney":"43582"},{"type":3,"typenum":"1682","typemoney":"3000"},{"type":4,"typenum":"77717","typemoney":"200"},{"type":5,"typenum":"1147687","typemoney":"10"},{"type":6,"typenum":"5072832","typemoney":"5"},{"type":7,"typenum":"","typemoney":""}]},{"name":"双色球","code":"2017073","detailsLink":"/c/2017-06-25/412327.shtml","videoLink":"","date":"2017-06-25(日)","week":"日","red":"03,06,16,23,26,30","blue":"14","blue2":"","sales":"347269730","poolmoney":"747555120","content":"上海3注,安徽1注,重庆1注,河南1注,广西1注,四川1注,深圳1注,共9注。","addmoney":"","addmoney2":"","msg":"","z2add":"","m2add":"","prizegrades":[{"type":1,"typenum":"9","typemoney":"7099806"},{"type":2,"typenum":"173","typemoney":"136548"},{"type":3,"typenum":"1358","typemoney":"3000"},{"type":4,"typenum":"64112","typemoney":"200"},{"type":5,"typenum":"1164232","typemoney":"10"},{"type":6,"typenum":"9426427","typemoney":"5"},{"type":7,"typenum":"","typemoney":""}]},{"name":"双色球","code":"2017072","detailsLink":"/c/2017-06-22/412285.shtml","videoLink":"","date":"2017-06-22(四)","week":"四","red":"06,11,14,23,26,30","blue":"02","blue2":"","sales":"321195342","poolmoney":"740584900","content":"北京2注,辽宁1注,浙江1注,福建3注,山东3注,深圳1注,共11注。","addmoney":"","addmoney2":"","msg":"","z2add":"","m2add":"","prizegrades":[{"type":1,"typenum":"11","typemoney":"6667226"},{"type":2,"typenum":"94","typemoney":"243876"},{"type":3,"typenum":"1005","typemoney":"3000"},{"type":4,"typenum":"52874","typemoney":"200"},{"type":5,"typenum":"995249","typemoney":"10"},{"type":6,"typenum":"8429197","typemoney":"5"},{"type":7,"typenum":"","typemoney":""}]},{"name":"双色球","code":"2017071","detailsLink":"/c/2017-06-20/412226.shtml","videoLink":"","date":"2017-06-20(二)","week":"二","red":"02,03,06,14,31,32","blue":"03","blue2":"","sales":"322489468","poolmoney":"745151312","content":"天津2注,安徽1注,广东1注,共4注。","addmoney":"","addmoney2":"","msg":"","z2add":"","m2add":"","prizegrades":[{"type":1,"typenum":"4","typemoney":"10000000"},{"type":2,"typenum":"51","typemoney":"494080"},{"type":3,"typenum":"634","typemoney":"3000"},{"type":4,"typenum":"39115","typemoney":"200"},{"type":5,"typenum":"842702","typemoney":"10"},{"type":6,"typenum":"7815095","typemoney":"5"},{"type":7,"typenum":"","typemoney":""}]},{"name":"双色球","code":"2017070","detailsLink":"/c/2017-06-18/412144.shtml","videoLink":"","date":"2017-06-18(日)","week":"日","red":"01,06,14,22,25,26","blue":"12","blue2":"","sales":"357559628","poolmoney":"709557056","content":"黑龙江1注,上海1注,浙江1注,广西1注,共4注。","addmoney":"","addmoney2":"","msg":"","z2add":"","m2add":"","prizegrades":[{"type":1,"typenum":"4","typemoney":"9143511"},{"type":2,"typenum":"92","typemoney":"225190"},{"type":3,"typenum":"1226","typemoney":"3000"},{"type":4,"typenum":"64694","typemoney":"200"},{"type":5,"typenum":"1224137","typemoney":"10"},{"type":6,"typenum":"12695165","typemoney":"5"},{"type":7,"typenum":"","typemoney":""}]},{"name":"双色球","code":"2017069","detailsLink":"/c/2017-06-15/412092.shtml","videoLink":"","date":"2017-06-15(四)","week":"四","red":"02,11,12,23,29,31","blue":"05","blue2":"","sales":"326172358","poolmoney":"683978436","content":"江苏1注,江西1注,四川1注,共3注。","addmoney":"","addmoney2":"","msg":"","z2add":"","m2add":"","prizegrades":[{"type":1,"typenum":"3","typemoney":"10000000"},{"type":2,"typenum":"98","typemoney":"198460"},{"type":3,"typenum":"1535","typemoney":"3000"},{"type":4,"typenum":"72026","typemoney":"200"},{"type":5,"typenum":"1275536","typemoney":"10"},{"type":6,"typenum":"10052476","typemoney":"5"},{"type":7,"typenum":"","typemoney":""}]},{"name":"双色球","code":"2017068","detailsLink":"/c/2017-06-13/411994.shtml","videoLink":"","date":"2017-06-13(二)","week":"二","red":"02,06,10,22,30,31","blue":"15","blue2":"","sales":"320912348","poolmoney":"655631053","content":"河北1注,江苏1注,浙江2注,湖北3注,共7注。","addmoney":"","addmoney2":"","msg":"","z2add":"","m2add":"","prizegrades":[{"type":1,"typenum":"7","typemoney":"8099564"},{"type":2,"typenum":"102","typemoney":"265894"},{"type":3,"typenum":"662","typemoney":"3000"},{"type":4,"typenum":"44158","typemoney":"200"},{"type":5,"typenum":"962751","typemoney":"10"},{"type":6,"typenum":"5663437","typemoney":"5"},{"type":7,"typenum":"","typemoney":""}]},{"name":"双色球","code":"2017067","detailsLink":"/c/2017-06-11/411899.shtml","videoLink":"","date":"2017-06-11(日)","week":"日","red":"01,03,04,10,18,29","blue":"04","blue2":"","sales":"356270498","poolmoney":"630964440","content":"河北4注,上海1注,江苏1注,河南1注,湖南1注,云南1注,深圳1注,共10注。","addmoney":"","addmoney2":"","msg":"","z2add":"","m2add":"","prizegrades":[{"type":1,"typenum":"10","typemoney":"7036216"},{"type":2,"typenum":"131","typemoney":"194295"},{"type":3,"typenum":"1231","typemoney":"3000"},{"type":4,"typenum":"63366","typemoney":"200"},{"type":5,"typenum":"1260815","typemoney":"10"},{"type":6,"typenum":"8757474","typemoney":"5"},{"type":7,"typenum":"","typemoney":""}]},{"name":"双色球","code":"2017066","detailsLink":"/c/2017-06-08/411857.shtml","videoLink":"","date":"2017-06-08(四)","week":"四","red":"01,04,06,17,19,26","blue":"03","blue2":"","sales":"329821920","poolmoney":"624968496","content":"辽宁2注,浙江1注,湖南1注,广东1注,广西1注,云南1注,陕西1注,共8注。","addmoney":"","addmoney2":"","msg":"","z2add":"","m2add":"","prizegrades":[{"type":1,"typenum":"8","typemoney":"7075823"},{"type":2,"typenum":"103","typemoney":"201536"},{"type":3,"typenum":"1364","typemoney":"3000"},{"type":4,"typenum":"74828","typemoney":"200"},{"type":5,"typenum":"1364595","typemoney":"10"},{"type":6,"typenum":"9175247","typemoney":"5"},{"type":7,"typenum":"","typemoney":""}]},{"name":"双色球","code":"2017065","detailsLink":"/c/2017-06-06/411776.shtml","videoLink":"","date":"2017-06-06(二)","week":"二","red":"02,05,08,10,12,21","blue":"07","blue2":"","sales":"320800086","poolmoney":"619300374","content":"天津1注,辽宁1注,黑龙江1注,江苏2注,安徽2注,江西1注,山东2注,湖北1注,广东1注,云南1注,陕西1注,共14注。","addmoney":"","addmoney2":"","msg":"","z2add":"","m2add":"","prizegrades":[{"type":1,"typenum":"14","typemoney":"5907122"},{"type":2,"typenum":"181","typemoney":"87705"},{"type":3,"typenum":"1985","typemoney":"3000"},{"type":4,"typenum":"88342","typemoney":"200"},{"type":5,"typenum":"1457827","typemoney":"10"},{"type":6,"typenum":"11098363","typemoney":"5"},{"type":7,"typenum":"","typemoney":""}]},{"name":"双色球","code":"2017064","detailsLink":"/c/2017-06-04/411699.shtml","videoLink":"","date":"2017-06-04(日)","week":"日","red":"02,10,16,22,24,28","blue":"15","blue2":"","sales":"351655222","poolmoney":"654376180","content":"河北1注,重庆2注,广东1注,四川1注,共5注。","addmoney":"","addmoney2":"","msg":"","z2add":"","m2add":"","prizegrades":[{"type":1,"typenum":"5","typemoney":"9001480"},{"type":2,"typenum":"158","typemoney":"158286"},{"type":3,"typenum":"1194","typemoney":"3000"},{"type":4,"typenum":"63332","typemoney":"200"},{"type":5,"typenum":"1220261","typemoney":"10"},{"type":6,"typenum":"8764605","typemoney":"5"},{"type":7,"typenum":"","typemoney":""}]},{"name":"双色球","code":"2017063","detailsLink":"/c/2017-06-01/411651.shtml","videoLink":"","date":"2017-06-01(四)","week":"四","red":"12,16,20,22,25,31","blue":"04","blue2":"","sales":"307572084","poolmoney":"624355820","content":"河北1注,广西2注,四川1注,共4注。","addmoney":"","addmoney2":"","msg":"","z2add":"","m2add":"","prizegrades":[{"type":1,"typenum":"4","typemoney":"10000000"},{"type":2,"typenum":"246","typemoney":"102608"},{"type":3,"typenum":"715","typemoney":"3000"},{"type":4,"typenum":"38031","typemoney":"200"},{"type":5,"typenum":"818953","typemoney":"10"},{"type":6,"typenum":"6360637","typemoney":"5"},{"type":7,"typenum":"","typemoney":""}]},{"name":"双色球","code":"2017062","detailsLink":"/c/2017-05-30/411563.shtml","videoLink":"","date":"2017-05-30(二)","week":"二","red":"01,07,22,24,26,31","blue":"10","blue2":"","sales":"292747704","poolmoney":"588631018","content":"辽宁1注,江西1注,共2注。","addmoney":"","addmoney2":"","msg":"","z2add":"","m2add":"","prizegrades":[{"type":1,"typenum":"2","typemoney":"10000000"},{"type":2,"typenum":"50","typemoney":"413968"},{"type":3,"typenum":"688","typemoney":"3000"},{"type":4,"typenum":"37912","typemoney":"200"},{"type":5,"typenum":"779016","typemoney":"10"},{"type":6,"typenum":"8643212","typemoney":"5"},{"type":7,"typenum":"","typemoney":""}]},{"name":"双色球","code":"2017061","detailsLink":"/c/2017-05-28/411552.shtml","videoLink":"","date":"2017-05-28(日)","week":"日","red":"06,07,12,20,26,27","blue":"11","blue2":"","sales":"327891234","poolmoney":"546535704","content":"北京2注,辽宁6注,吉林1注,江苏2注,浙江2注,福建1注,山东1注,湖北1注,广东2注,广西2注,深圳2注,共22注。","addmoney":"","addmoney2":"","msg":"","z2add":"","m2add":"","prizegrades":[{"type":1,"typenum":"22","typemoney":"5719289"},{"type":2,"typenum":"236","typemoney":"83815"},{"type":3,"typenum":"1818","typemoney":"3000"},{"type":4,"typenum":"97177","typemoney":"200"},{"type":5,"typenum":"1749641","typemoney":"10"},{"type":6,"typenum":"7831806","typemoney":"5"},{"type":7,"typenum":"","typemoney":""}]},{"name":"双色球","code":"2017060","detailsLink":"/c/2017-05-25/411470.shtml","videoLink":"","date":"2017-05-25(四)","week":"四","red":"05,10,13,24,26,31","blue":"04","blue2":"","sales":"320553910","poolmoney":"613018696","content":"北京1注,浙江1注,湖南1注,云南1注,共4注。","addmoney":"","addmoney2":"","msg":"","z2add":"","m2add":"","prizegrades":[{"type":1,"typenum":"4","typemoney":"9226054"},{"type":2,"typenum":"113","typemoney":"186993"},{"type":3,"typenum":"1178","typemoney":"3000"},{"type":4,"typenum":"64781","typemoney":"200"},{"type":5,"typenum":"1188625","typemoney":"10"},{"type":6,"typenum":"8834776","typemoney":"5"},{"type":7,"typenum":"","typemoney":""}]},{"name":"双色球","code":"2017059","detailsLink":"/c/2017-05-23/411378.shtml","videoLink":"","date":"2017-05-23(二)","week":"二","red":"04,08,09,15,19,25","blue":"09","blue2":"","sales":"306145516","poolmoney":"586532102","content":"北京1注,河北1注,辽宁2注,黑龙江1注,上海3注,江苏1注,安徽1注,福建2注,山东5注,湖北2注,广东3注,四川1注,新疆1注,深圳2注,共26注。","addmoney":"","addmoney2":"","msg":"","z2add":"","m2add":"","prizegrades":[{"type":1,"typenum":"26","typemoney":"5191242"},{"type":2,"typenum":"222","typemoney":"27997"},{"type":3,"typenum":"3608","typemoney":"3000"},{"type":4,"typenum":"132859","typemoney":"200"},{"type":5,"typenum":"1854184","typemoney":"10"},{"type":6,"typenum":"13842428","typemoney":"5"},{"type":7,"typenum":"","typemoney":""}]},{"name":"双色球","code":"2017058","detailsLink":"/c/2017-05-21/411299.shtml","videoLink":"","date":"2017-05-21(日)","week":"日","red":"01,09,13,22,28,32","blue":"11","blue2":"","sales":"338794650","poolmoney":"702858272","content":"山西1注,浙江1注,安徽1注,湖北1注,湖南1注,四川1注,陕西1注,深圳1注,共8注。","addmoney":"","addmoney2":"","msg":"","z2add":"","m2add":"","prizegrades":[{"type":1,"typenum":"8","typemoney":"7035961"},{"type":2,"typenum":"111","typemoney":"183419"},{"type":3,"typenum":"1428","typemoney":"3000"},{"type":4,"typenum":"67171","typemoney":"200"},{"type":5,"typenum":"1172549","typemoney":"10"},{"type":6,"typenum":"11025443","typemoney":"5"},{"type":7,"typenum":"","typemoney":""}]},{"name":"双色球","code":"2017057","detailsLink":"/c/2017-05-18/411264.shtml","videoLink":"","date":"2017-05-18(四)","week":"四","red":"18,20,22,23,30,31","blue":"16","blue2":"","sales":"314697362","poolmoney":"698067117","content":"河北1注,上海5注,安徽1注,广东2注,共9注。","addmoney":"","addmoney2":"","msg":"","z2add":"","m2add":"","prizegrades":[{"type":1,"typenum":"9","typemoney":"6821373"},{"type":2,"typenum":"71","typemoney":"288597"},{"type":3,"typenum":"881","typemoney":"3000"},{"type":4,"typenum":"53312","typemoney":"200"},{"type":5,"typenum":"1052315","typemoney":"10"},{"type":6,"typenum":"9682267","typemoney":"5"},{"type":7,"typenum":"","typemoney":""}]},{"name":"双色球","code":"2017056","detailsLink":"/c/2017-05-16/411216.shtml","videoLink":"","date":"2017-05-16(二)","week":"二","red":"13,14,18,19,21,28","blue":"06","blue2":"","sales":"317424132","poolmoney":"697988120","content":"山西1注,福建3注,湖北1注,广西1注,四川1注,云南1注,共8注。","addmoney":"","addmoney2":"","msg":"","z2add":"","m2add":"","prizegrades":[{"type":1,"typenum":"8","typemoney":"7367832"},{"type":2,"typenum":"184","typemoney":"128686"},{"type":3,"typenum":"900","typemoney":"3000"},{"type":4,"typenum":"49707","typemoney":"200"},{"type":5,"typenum":"973032","typemoney":"10"},{"type":6,"typenum":"7690564","typemoney":"5"},{"type":7,"typenum":"","typemoney":""}]},{"name":"双色球","code":"2017055","detailsLink":"/c/2017-05-14/411135.shtml","videoLink":"","date":"2017-05-14(日)","week":"日","red":"07,12,13,20,24,31","blue":"05","blue2":"","sales":"342200872","poolmoney":"685895820","content":"北京1注,天津1注,河北1注,辽宁1注,江苏1注,浙江1注,重庆1注,广东12注,深圳1注,共20注。","addmoney":"","addmoney2":"","msg":"","z2add":"","m2add":"","prizegrades":[{"type":1,"typenum":"20","typemoney":"5718169"},{"type":2,"typenum":"109","typemoney":"164717"},{"type":3,"typenum":"1901","typemoney":"3000"},{"type":4,"typenum":"73900","typemoney":"200"},{"type":5,"typenum":"1276271","typemoney":"10"},{"type":6,"typenum":"12523162","typemoney":"5"},{"type":7,"typenum":"","typemoney":""}]}]}