{"state":0,"message":"查询成功","pageCount":2,"countNum":134,"Tflag":2,"result":[{"name":"双色球","code":"2020134","detailsLink":"/c/2020-12-31/478914.shtml","videoLink":"/c/2020-12-31/478913.shtml","date":"2020-12-31(四)","week":"四","red":"02,09,10,20,22,26","blue":"01","blue2":"","sales":"399565532","poolmoney":"704501324","content":"河北2注,内蒙古3注,福建37注,广东2注,广西2注,陕西1注,宁夏1注,共48注。","addmoney":"","addmoney2":"","msg":"","z2add":"","m2add":"","prizegrades":[{"type":1,"typenum":"48","typemoney":"5382786"},{"type":2,"typenum":"275","typemoney":"83517"},{"type":3,"typenum":"2423","typemoney":"3000"},{"type":4,"typenum":"113586","typemoney":"200"},{"type":5,"typenum":"1925649","typemoney":"10"},{"type":6,"typenum":"10935118","typemoney":"5"},{"type":7,"typenum":"","typemoney":""}]},{"name":"双色球","code":"2020133","detailsLink":"/c/2020-12-29/478900.shtml","videoLink":"/c/2020-12-29/478899.shtml","date":"2020-12-29(二)","week":"二","red":"03,19,22,23,27,29","blue":"07","blue2":"","sales":"370330222","poolmoney":"893973468","content":"山东1注,四川2注,共3注。","addmoney":"","addmoney2":"","msg":"","z2add":"","m2add":"","prizegrades":[{"type":1,"typenum":"3","typemoney":"10000000"},{"type":2,"typenum":"99","typemoney":"283877"},{"type":3,"typenum":"938","typemoney":"3000"},{"type":4,"typenum":"52045","typemoney":"200"},{"type":5,"typenum":"1099329","typemoney":"10"},{"type":6,"typenum":"8966016","typemoney":"5"},{"type":7,"typenum":"","typemoney":""}]},{"name":"双色球","code":"2020132","detailsLink":"/c/2020-12-27/478786.shtml","videoLink":"/c/2020-12-27/478785.shtml","date":"2020-12-27(日)","week":"日","red":"01,04,11,12,14,23","blue":"04","blue2":"","sales":"425174496","poolmoney":"839661890","content":"北京1注,辽宁2注,上海1注,西藏1注,共5注。","addmoney":"","addmoney2":"","msg":"","z2add":"","m2add":"","prizegrades":[{"type":1,"typenum":"5","typemoney":"10000000"},{"type":2,"typenum":"106","typemoney":"309129"},{"type":3,"typenum":"1439","typemoney":"3000"},{"type":4,"typenum":"71618","typemoney":"200"},{"type":5,"typenum":"1542457","typemoney":"10"},{"type":6,"typenum":"8639908","typemoney":"5"},{"type":7,"typenum":"","typemoney":""}]},{"name":"双色球","code":"2020131","detailsLink":"/c/2020-12-24/478767.shtml","videoLink":"/c/2020-12-24/478766.shtml","date":"2020-12-24(四)","week":"四","red":"08,19,22,26,27,30","blue":"07","blue2":"","sales":"394370394","poolmoney":"791358796","content":"北京1注,山西2注,江苏1注,浙江1注,福建1注,江西2注,贵州1注,云南1注,共10注。","addmoney":"","addmoney2":"","msg":"","z2add":"","m2add":"","prizegrades":[{"type":1,"typenum":"10","typemoney":"6733037"},{"type":2,"typenum":"139","typemoney":"155848"},{"type":3,"typenum":"2474","typemoney":"3000"},{"type":4,"typenum":"100798","typemoney":"200"},{"type":5,"typenum":"1803509","typemoney":"10"},{"type":6,"typenum":"12194588","typemoney":"5"},{"type":7,"typenum":"","typemoney":""}]},{"name":"双色球","code":"2020130","detailsLink":"/c/2020-12-22/478653.shtml","videoLink":"/c/2020-12-22/478652.shtml","date":"2020-12-22(二)","week":"二","red":"08,09,11,14,17,29","blue":"16","blue2":"","sales":"405085034","poolmoney":"793700272","content":"辽宁1注,江苏1注,浙江2注,山东1注,广东3注,宁夏1注,共9注。其中一等奖特别奖为：辽宁1注,江苏1注,浙江2注,广东2注,宁夏1注；一等奖普惠奖为：山东1注,广东1注。","addmoney":"","addmoney2":"","zj1":"7","mj1":"4285714","msg":"下期一等奖特别奖派奖金额：0元。\n下期一等奖普惠奖派奖金额：0元。","z2add":"","m2add":"","prizegrades":[{"type":1,"typenum":"9","typemoney":"7096662"},{"type":2,"typenum":"160","typemoney":"147421"},{"type":3,"typenum":"1899","typemoney":"3000"},{"type":4,"typenum":"109626","typemoney":"200"},{"type":5,"typenum":"2027730","typemoney":"10"},{"type":6,"typenum":"11248475","typemoney":"5"},{"type":7,"typenum":"","typemoney":""}]},{"name":"双色球","code":"2020129","detailsLink":"/c/2020-12-20/478539.shtml","videoLink":"/c/2020-12-20/478538.shtml","date":"2020-12-20(日)","week":"日","red":"01,02,05,15,28,33","blue":"04","blue2":"","sales":"428354318","poolmoney":"786807887","content":"北京1注,江苏6注,安徽2注,江西1注,贵州1注,云南1注,陕西2注,共14注。其中一等奖特别奖为：江苏5注,安徽1注,江西1注,云南1注,陕西2注；一等奖普惠奖为：北京1注,江苏1注,安徽1注,贵州1注。","addmoney":"","addmoney2":"","zj1":"10","mj1":"3000000","msg":"下期一等奖特别奖派奖金额：30000000元。\n下期一等奖普惠奖派奖金额：5000000元。","z2add":"","m2add":"","prizegrades":[{"type":1,"typenum":"14","typemoney":"6613195"},{"type":2,"typenum":"116","typemoney":"243370"},{"type":3,"typenum":"1426","typemoney":"3000"},{"type":4,"typenum":"69955","typemoney":"200"},{"type":5,"typenum":"1354717","typemoney":"10"},{"type":6,"typenum":"13030751","typemoney":"5"},{"type":7,"typenum":"","typemoney":""}]},{"name":"双色球","code":"2020128","detailsLink":"/c/2020-12-17/478420.shtml","videoLink":"/c/2020-12-17/478419.shtml","date":"2020-12-17(四)","week":"四","red":"08,10,15,16,23,26","blue":"10","blue2":"","sales":"395094864","poolmoney":"794699858","content":"河北2注,辽宁1注,吉林1注,黑龙江1注,浙江1注,福建3注,广东1注,广西2注,四川1注,陕西1注,共14注。其中一等奖特别奖为：河北2注,辽宁1注,吉林1注,黑龙江1注,浙江1注,福建3注,四川1注；一等奖普惠奖为：广东1注,广西2注,陕西1注。","addmoney":"","addmoney2":"","zj1":"10","mj1":"4632283","msg":"下期一等奖特别奖派奖金额：30000000元。\n下期一等奖普惠奖派奖金额：5000000元。","z2add":"","m2add":"","prizegrades":[{"type":1,"typenum":"14","typemoney":"6055174"},{"type":2,"typenum":"137","typemoney":"134785"},{"type":3,"typenum":"2252","typemoney":"3000"},{"type":4,"typenum":"102352","typemoney":"200"},{"type":5,"typenum":"1676644","typemoney":"10"},{"type":6,"typenum":"15148292","typemoney":"5"},{"type":7,"typenum":"","typemoney":""}]},{"name":"双色球","code":"2020127","detailsLink":"/c/2020-12-15/478406.shtml","videoLink":"/c/2020-12-15/478405.shtml","date":"2020-12-15(二)","week":"二","red":"01,04,18,19,26,31","blue":"07","blue2":"","sales":"385288238","poolmoney":"824075658","content":"山西1注,内蒙古1注,黑龙江1注,河南2注,陕西3注,深圳1注,共9注。其中一等奖特别奖为：黑龙江1注,河南1注；一等奖普惠奖为：山西1注,内蒙古1注,河南1注,陕西3注,深圳1注。","addmoney":"","addmoney2":"","zj1":"2","mj1":"6838584","msg":"下期一等奖特别奖派奖金额：46322832元。\n下期一等奖普惠奖派奖金额：5000000元。","z2add":"","m2add":"","prizegrades":[{"type":1,"typenum":"9","typemoney":"6838584"},{"type":2,"typenum":"183","typemoney":"113027"},{"type":3,"typenum":"2089","typemoney":"3000"},{"type":4,"typenum":"95984","typemoney":"200"},{"type":5,"typenum":"1587897","typemoney":"10"},{"type":6,"typenum":"12942435","typemoney":"5"},{"type":7,"typenum":"","typemoney":""}]},{"name":"双色球","code":"2020126","detailsLink":"/c/2020-12-13/478292.shtml","videoLink":"/c/2020-12-13/478291.shtml","date":"2020-12-13(日)","week":"日","red":"03,07,12,14,23,28","blue":"11","blue2":"","sales":"423827948","poolmoney":"823570698","content":"北京1注,辽宁2注,吉林2注,上海2注,江苏1注,浙江2注,山东1注,湖北10注,广东2注,云南3注,陕西2注,甘肃1注,新疆4注,共33注。其中一等奖特别奖为：辽宁1注,吉林1注,上海1注,江苏1注,浙江2注,湖北10注,广东1注,云南2注,陕西2注,新疆3注；一等奖普惠奖为：北京1注,辽宁1注,吉林1注,上海1注,山东1注,广东1注,云南1注,甘肃1注,新疆1注。","addmoney":"","addmoney2":"","zj1":"24","mj1":"2394203","msg":"下期一等奖特别奖派奖金额：30000000元。\n下期一等奖普惠奖派奖金额：5000000元。","z2add":"","m2add":"","prizegrades":[{"type":1,"typenum":"33","typemoney":"5506107"},{"type":2,"typenum":"337","typemoney":"61949"},{"type":3,"typenum":"3478","typemoney":"3000"},{"type":4,"typenum":"148334","typemoney":"200"},{"type":5,"typenum":"2363903","typemoney":"10"},{"type":6,"typenum":"12085627","typemoney":"5"},{"type":7,"typenum":"","typemoney":""}]},{"name":"双色球","code":"2020125","detailsLink":"/c/2020-12-10/478173.shtml","videoLink":"/c/2020-12-10/478172.shtml","date":"2020-12-10(四)","week":"四","red":"05,12,16,26,30,31","blue":"13","blue2":"","sales":"403248064","poolmoney":"942641447","content":"江苏1注,浙江1注,山东1注,广东1注,四川1注,云南1注,陕西1注,宁夏1注,共8注。其中一等奖特别奖为：江苏1注,浙江1注,山东1注,广东1注,云南1注,宁夏1注；一等奖普惠奖为：四川1注,陕西1注。","addmoney":"","addmoney2":"","zj1":"6","mj1":"8008557","msg":"下期一等奖特别奖派奖金额：57460882元。\n下期一等奖普惠奖派奖金额：5000000元。","z2add":"","m2add":"","prizegrades":[{"type":1,"typenum":"8","typemoney":"8008557"},{"type":2,"typenum":"162","typemoney":"185713"},{"type":3,"typenum":"1382","typemoney":"3000"},{"type":4,"typenum":"69376","typemoney":"200"},{"type":5,"typenum":"1401570","typemoney":"10"},{"type":6,"typenum":"9042467","typemoney":"5"},{"type":7,"typenum":"","typemoney":""}]},{"name":"双色球","code":"2020124","detailsLink":"/c/2020-12-08/478059.shtml","videoLink":"/c/2020-12-08/478058.shtml","date":"2020-12-08(二)","week":"二","red":"16,18,19,20,29,33","blue":"12","blue2":"","sales":"394367604","poolmoney":"916453174","content":"吉林1注,江苏1注,广东1注,共3注。其中一等奖特别奖为：吉林1注；一等奖普惠奖为：江苏1注,广东1注。","addmoney":"","addmoney2":"","zj1":"1","mj1":"10000000","msg":"下期一等奖特别奖派奖金额：75512224元。\n下期一等奖普惠奖派奖金额：5000000元。","z2add":"","m2add":"","prizegrades":[{"type":1,"typenum":"3","typemoney":"10000000"},{"type":2,"typenum":"53","typemoney":"485568"},{"type":3,"typenum":"1116","typemoney":"3000"},{"type":4,"typenum":"60317","typemoney":"200"},{"type":5,"typenum":"1221178","typemoney":"10"},{"type":6,"typenum":"12535272","typemoney":"5"},{"type":7,"typenum":"","typemoney":""}]},{"name":"双色球","code":"2020123","detailsLink":"/c/2020-12-06/477945.shtml","videoLink":"/c/2020-12-06/477944.shtml","date":"2020-12-06(日)","week":"日","red":"01,03,18,19,26,29","blue":"03","blue2":"","sales":"442277628","poolmoney":"869247735","content":"河北1注,江苏2注,山东2注,共5注。其中一等奖特别奖为：江苏1注；一等奖普惠奖为：河北1注,江苏1注,山东2注。","addmoney":"","addmoney2":"","zj1":"1","mj1":"10000000","msg":"下期一等奖特别奖派奖金额：55512224元。\n下期一等奖普惠奖派奖金额：5000000元。","z2add":"","m2add":"","prizegrades":[{"type":1,"typenum":"5","typemoney":"10000000"},{"type":2,"typenum":"106","typemoney":"343394"},{"type":3,"typenum":"1231","typemoney":"3000"},{"type":4,"typenum":"64383","typemoney":"200"},{"type":5,"typenum":"1298514","typemoney":"10"},{"type":6,"typenum":"8312369","typemoney":"5"},{"type":7,"typenum":"","typemoney":""}]},{"name":"双色球","code":"2020122","detailsLink":"/c/2020-12-03/477926.shtml","videoLink":"/c/2020-12-03/477925.shtml","date":"2020-12-03(四)","week":"四","red":"12,15,17,24,26,31","blue":"15","blue2":"","sales":"416050434","poolmoney":"810048147","content":"山西1注,安徽1注,江西1注,湖北1注,四川1注,陕西1注,甘肃1注,共7注。其中一等奖特别奖为：山西1注,江西1注,甘肃1注；一等奖普惠奖为：安徽1注,湖北1注,四川1注,陕西1注。","addmoney":"","addmoney2":"","zj1":"3","mj1":"8506055","msg":"下期一等奖特别奖派奖金额：35512224元。\n下期一等奖普惠奖派奖金额：5000000元。","z2add":"","m2add":"","prizegrades":[{"type":1,"typenum":"7","typemoney":"8506055"},{"type":2,"typenum":"484","typemoney":"63384"},{"type":3,"typenum":"1246","typemoney":"3000"},{"type":4,"typenum":"97809","typemoney":"200"},{"type":5,"typenum":"1761733","typemoney":"10"},{"type":6,"typenum":"8047131","typemoney":"5"},{"type":7,"typenum":"","typemoney":""}]},{"name":"双色球","code":"2020121","detailsLink":"/c/2020-12-01/477812.shtml","videoLink":"/c/2020-12-01/477811.shtml","date":"2020-12-01(二)","week":"二","red":"02,04,06,21,25,29","blue":"03","blue2":"","sales":"425615038","poolmoney":"777556587","content":"内蒙古1注,湖北1注,四川2注,陕西1注,共5注。其中一等奖特别奖为：湖北1注,四川1注,陕西1注；一等奖普惠奖为：内蒙古1注,四川1注。","addmoney":"","addmoney2":"","zj1":"3","mj1":"9656537","zj6":"7579931","mj6":"5","msg":"下期一等奖特别奖派奖金额：31030389元。\n下期一等奖普惠奖派奖金额：5000000元。\n下期六等奖翻番奖奖金余额：0元。","z2add":"","m2add":"","prizegrades":[{"type":1,"typenum":"5","typemoney":"9656537"},{"type":2,"typenum":"91","typemoney":"319817"},{"type":3,"typenum":"1286","typemoney":"3000"},{"type":4,"typenum":"76982","typemoney":"200"},{"type":5,"typenum":"1459850","typemoney":"10"},{"type":6,"typenum":"11657007","typemoney":"5"},{"type":7,"typenum":"","typemoney":""}]},{"name":"双色球","code":"2020120","detailsLink":"/c/2020-11-29/477698.shtml","videoLink":"/c/2020-11-29/477697.shtml","date":"2020-11-29(日)","week":"日","red":"01,02,03,04,09,10","blue":"12","blue2":"","sales":"470788664","poolmoney":"738529199","content":"北京3注,河北2注,辽宁2注,浙江4注,安徽2注,福建2注,山东1注,重庆1注,广东2注,广西1注,新疆7注,深圳1注,共28注。其中一等奖特别奖为：北京3注,辽宁2注,浙江3注,安徽1注,福建2注,重庆1注,广东1注,广西1注,新疆6注；一等奖普惠奖为：河北2注,浙江1注,安徽1注,山东1注,广东1注,新疆1注,深圳1注。","addmoney":"","addmoney2":"","zj1":"20","mj1":"1500000","zj6":"12719871","mj6":"5","msg":"下期一等奖特别奖派奖金额：30000000元。\n下期一等奖普惠奖派奖金额：5000000元。\n下期六等奖翻番奖奖金余额：8943675元。","z2add":"","m2add":"","prizegrades":[{"type":1,"typenum":"28","typemoney":"5529239"},{"type":2,"typenum":"535","typemoney":"34623"},{"type":3,"typenum":"7705","typemoney":"3000"},{"type":4,"typenum":"110724","typemoney":"200"},{"type":5,"typenum":"1919141","typemoney":"10"},{"type":6,"typenum":"18428336","typemoney":"5"},{"type":7,"typenum":"","typemoney":""}]},{"name":"双色球","code":"2020119","detailsLink":"/c/2020-11-26/477579.shtml","videoLink":"/c/2020-11-26/477578.shtml","date":"2020-11-26(四)","week":"四","red":"01,09,22,28,32,33","blue":"15","blue2":"","sales":"432978556","poolmoney":"837777744","content":"北京1注,江苏3注,山东1注,湖南1注,广东4注,四川1注,陕西1注,共12注。其中一等奖特别奖为：北京1注,江苏3注,山东1注,广东1注,陕西1注；一等奖普惠奖为：湖南1注,广东3注,四川1注。","addmoney":"","addmoney2":"","zj1":"7","mj1":"4285714","zj6":"7775004","mj6":"5","msg":"下期一等奖特别奖派奖金额：30000000元。\n下期一等奖普惠奖派奖金额：5000000元。\n下期六等奖翻番奖奖金余额：72543030元。","z2add":"","m2add":"","prizegrades":[{"type":1,"typenum":"12","typemoney":"6880004"},{"type":2,"typenum":"117","typemoney":"241026"},{"type":3,"typenum":"1983","typemoney":"3000"},{"type":4,"typenum":"97076","typemoney":"200"},{"type":5,"typenum":"1634862","typemoney":"10"},{"type":6,"typenum":"11529284","typemoney":"5"},{"type":7,"typenum":"","typemoney":""}]},{"name":"双色球","code":"2020118","detailsLink":"/c/2020-11-24/477464.shtml","videoLink":"/c/2020-11-24/477465.shtml","date":"2020-11-24(二)","week":"二","red":"11,13,19,26,30,33","blue":"05","blue2":"","sales":"419968358","poolmoney":"835737606","content":"吉林2注,浙江1注,福建1注,共4注。其中一等奖特别奖为：吉林2注,浙江1注,福建1注。","addmoney":"","addmoney2":"","zj1":"4","mj1":"7500000","zj6":"6844746","mj6":"5","msg":"下期一等奖特别奖派奖金额：30000000元。\n下期一等奖普惠奖派奖金额：10000000元。\n下期六等奖翻番奖奖金余额：111418050元。","z2add":"","m2add":"","prizegrades":[{"type":1,"typenum":"4","typemoney":"10000000"},{"type":2,"typenum":"114","typemoney":"262410"},{"type":3,"typenum":"1211","typemoney":"3000"},{"type":4,"typenum":"69153","typemoney":"200"},{"type":5,"typenum":"1441074","typemoney":"10"},{"type":6,"typenum":"10850159","typemoney":"5"},{"type":7,"typenum":"","typemoney":""}]},{"name":"双色球","code":"2020117","detailsLink":"/c/2020-11-22/477351.shtml","videoLink":"/c/2020-11-22/477350.shtml","date":"2020-11-22(日)","week":"日","red":"07,08,09,10,16,27","blue":"07","blue2":"","sales":"460145954","poolmoney":"785993086","content":"河北1注,山西1注,辽宁1注,黑龙江1注,浙江2注,安徽3注,福建1注,江西1注,山东3注,湖北1注,广东1注,广西1注,宁夏2注,共19注。其中一等奖特别奖为：山西1注,黑龙江1注,安徽2注,山东2注,湖北1注,广西1注,宁夏2注；一等奖普惠奖为：河北1注,辽宁1注,浙江2注,安徽1注,福建1注,江西1注,山东1注,广东1注。","addmoney":"","addmoney2":"","zj1":"10","mj1":"3114233","zj6":"11288765","mj6":"5","msg":"下期一等奖特别奖派奖金额：30000000元。\n下期一等奖普惠奖派奖金额：5000000元。\n下期六等奖翻番奖奖金余额：145641780元。","z2add":"","m2add":"","prizegrades":[{"type":1,"typenum":"19","typemoney":"5762819"},{"type":2,"typenum":"225","typemoney":"80519"},{"type":3,"typenum":"3796","typemoney":"3000"},{"type":4,"typenum":"154854","typemoney":"200"},{"type":5,"typenum":"2422594","typemoney":"10"},{"type":6,"typenum":"17283785","typemoney":"5"},{"type":7,"typenum":"","typemoney":""}]},{"name":"双色球","code":"2020116","detailsLink":"/c/2020-11-19/477332.shtml","videoLink":"/c/2020-11-19/477331.shtml","date":"2020-11-19(四)","week":"四","red":"05,06,14,16,19,27","blue":"10","blue2":"","sales":"434234564","poolmoney":"841135768","content":"辽宁1注,江苏1注,浙江1注,福建2注,重庆1注,河南1注,湖北1注,贵州1注,共9注。其中一等奖特别奖为：辽宁1注,江苏1注,浙江1注,福建1注,重庆1注,湖北1注,贵州1注；一等奖普惠奖为：福建1注,河南1注。","addmoney":"","addmoney2":"","zj1":"7","mj1":"6979667","zj6":"9831559","mj6":"5","msg":"下期一等奖特别奖派奖金额：31142331元。\n下期一等奖普惠奖派奖金额：5000000元。\n下期六等奖翻番奖奖金余额：202085605元。","z2add":"","m2add":"","prizegrades":[{"type":1,"typenum":"9","typemoney":"6979667"},{"type":2,"typenum":"172","typemoney":"129484"},{"type":3,"typenum":"2843","typemoney":"3000"},{"type":4,"typenum":"114760","typemoney":"200"},{"type":5,"typenum":"1947545","typemoney":"10"},{"type":6,"typenum":"14546686","typemoney":"5"},{"type":7,"typenum":"","typemoney":""}]},{"name":"双色球","code":"2020115","detailsLink":"/c/2020-11-17/477218.shtml","videoLink":"/c/2020-11-17/477217.shtml","date":"2020-11-17(二)","week":"二","red":"01,04,12,20,25,32","blue":"02","blue2":"","sales":"435736254","poolmoney":"837138988","content":"河北1注,辽宁1注,共2注。其中一等奖特别奖为：河北1注；一等奖普惠奖为：辽宁1注。","addmoney":"","addmoney2":"","zj1":"1","mj1":"10000000","zj6":"6799636","mj6":"5","msg":"下期一等奖特别奖派奖金额：50000000元。\n下期一等奖普惠奖派奖金额：5000000元。\n下期六等奖翻番奖奖金余额：251243400元。","z2add":"","m2add":"","prizegrades":[{"type":1,"typenum":"2","typemoney":"10000000"},{"type":2,"typenum":"114","typemoney":"291499"},{"type":3,"typenum":"1070","typemoney":"3000"},{"type":4,"typenum":"61218","typemoney":"200"},{"type":5,"typenum":"1260746","typemoney":"10"},{"type":6,"typenum":"10505231","typemoney":"5"},{"type":7,"typenum":"","typemoney":""}]},{"name":"双色球","code":"2020114","detailsLink":"/c/2020-11-15/477104.shtml","videoLink":"/c/2020-11-15/477103.shtml","date":"2020-11-15(日)","week":"日","red":"01,05,11,24,30,32","blue":"03","blue2":"","sales":"476450128","poolmoney":"757446327","content":"天津2注,河北1注,山西1注,内蒙古1注,黑龙江2注,上海2注,河南2注,湖南2注,广西1注,四川1注,新疆1注,共16注。其中一等奖特别奖为：天津2注,河北1注,黑龙江2注,上海1注,河南1注,湖南2注；一等奖普惠奖为：山西1注,内蒙古1注,上海1注,河南1注,广西1注,四川1注,新疆1注。","addmoney":"","addmoney2":"","zj1":"9","mj1":"3733472","zj6":"9467684","mj6":"5","msg":"下期一等奖特别奖派奖金额：30000000元。\n下期一等奖普惠奖派奖金额：5000000元。\n下期六等奖翻番奖奖金余额：285241580元。","z2add":"","m2add":"","prizegrades":[{"type":1,"typenum":"16","typemoney":"6478657"},{"type":2,"typenum":"171","typemoney":"172942"},{"type":3,"typenum":"2120","typemoney":"3000"},{"type":4,"typenum":"92035","typemoney":"200"},{"type":5,"typenum":"1705780","typemoney":"10"},{"type":6,"typenum":"14668629","typemoney":"5"},{"type":7,"typenum":"","typemoney":""}]},{"name":"双色球","code":"2020113","detailsLink":"/c/2020-11-12/477085.shtml","videoLink":"/c/2020-11-12/477084.shtml","date":"2020-11-12(四)","week":"四","red":"01,03,07,10,22,32","blue":"11","blue2":"","sales":"436471868","poolmoney":"772385388","content":"辽宁1注,福建1注,四川1注,云南2注,陕西1注,新疆1注,共7注。其中一等奖特别奖为：辽宁1注,福建1注,云南1注,陕西1注,新疆1注；一等奖普惠奖为：四川1注,云南1注。","addmoney":"","addmoney2":"","zj1":"5","mj1":"5279749","zj6":"21809665","mj6":"5","msg":"下期一等奖特别奖派奖金额：33601255元。\n下期一等奖普惠奖派奖金额：5000000元。\n下期六等奖翻番奖奖金余额：332580000元。","z2add":"","m2add":"","prizegrades":[{"type":1,"typenum":"7","typemoney":"5279749"},{"type":2,"typenum":"114","typemoney":"21472"},{"type":3,"typenum":"2770","typemoney":"3000"},{"type":4,"typenum":"128295","typemoney":"200"},{"type":5,"typenum":"2150210","typemoney":"10"},{"type":6,"typenum":"29721776","typemoney":"5"},{"type":7,"typenum":"","typemoney":""}]},{"name":"双色球","code":"2020112","detailsLink":"/c/2020-11-10/476971.shtml","videoLink":"/c/2020-11-10/476970.shtml","date":"2020-11-10(二)","week":"二","red":"02,09,12,17,28,32","blue":"05","blue2":"","sales":"426910448","poolmoney":"802000209","content":"辽宁1注,上海2注,江苏1注,安徽1注,福建1注,山东2注,广东3注,四川1注,新疆1注,深圳1注,共14注。其中一等奖特别奖为：江苏1注,安徽1注,福建1注,山东1注,广东3注,新疆1注；一等奖普惠奖为：辽宁1注,上海2注,山东1注,四川1注,深圳1注。","addmoney":"","addmoney2":"","zj1":"8","mj1":"6250000","zj6":"7219050","mj6":"5","msg":"下期一等奖特别奖派奖金额：30000000元。\n下期一等奖普惠奖派奖金额：5000000元。\n下期六等奖翻番奖奖金余额：441628325元。","z2add":"","m2add":"","prizegrades":[{"type":1,"typenum":"14","typemoney":"6657801"},{"type":2,"typenum":"263","typemoney":"110309"},{"type":3,"typenum":"1611","typemoney":"3000"},{"type":4,"typenum":"81233","typemoney":"200"},{"type":5,"typenum":"1451162","typemoney":"10"},{"type":6,"typenum":"11509761","typemoney":"5"},{"type":7,"typenum":"","typemoney":""}]},{"name":"双色球","code":"2020111","detailsLink":"/c/2020-11-08/476857.shtml","videoLink":"/c/2020-11-08/476856.shtml","date":"2020-11-08(日)","week":"日","red":"06,09,17,22,24,26","blue":"16","blue2":"","sales":"459469274","poolmoney":"808174858","content":"安徽1注,广西1注,贵州1注,共3注。其中一等奖特别奖为：安徽1注；一等奖普惠奖为：广西1注,贵州1注。","addmoney":"","addmoney2":"","zj1":"1","mj1":"10000000","zj6":"4455285","mj6":"5","msg":"下期一等奖特别奖派奖金额：50000000元。\n下期一等奖普惠奖派奖金额：5000000元。\n下期六等奖翻番奖奖金余额：477723575元。","z2add":"","m2add":"","prizegrades":[{"type":1,"typenum":"3","typemoney":"10000000"},{"type":2,"typenum":"106","typemoney":"365368"},{"type":3,"typenum":"947","typemoney":"3000"},{"type":4,"typenum":"64924","typemoney":"200"},{"type":5,"typenum":"1399322","typemoney":"10"},{"type":6,"typenum":"8080948","typemoney":"5"},{"type":7,"typenum":"","typemoney":""}]},{"name":"双色球","code":"2020110","detailsLink":"/c/2020-11-05/476638.shtml","videoLink":"/c/2020-11-05/476637.shtml","date":"2020-11-05(四)","week":"四","red":"02,06,09,14,22,25","blue":"04","blue2":"","sales":"365150166","poolmoney":"721987721","content":"内蒙古1注,浙江1注,山东2注,河南2注,湖南1注,云南1注,陕西1注,共9注。","addmoney":"","addmoney2":"","msg":"下期一等奖特别奖派奖金额：30000000元。\n下期一等奖普惠奖派奖金额：5000000元。\n下期六等奖翻番奖奖金余额：500000000元。","z2add":"","m2add":"","prizegrades":[{"type":1,"typenum":"9","typemoney":"6744907"},{"type":2,"typenum":"102","typemoney":"192453"},{"type":3,"typenum":"2128","typemoney":"3000"},{"type":4,"typenum":"83562","typemoney":"200"},{"type":5,"typenum":"1488404","typemoney":"10"},{"type":6,"typenum":"12484460","typemoney":"5"},{"type":7,"typenum":"","typemoney":""}]},{"name":"双色球","code":"2020109","detailsLink":"/c/2020-11-03/476524.shtml","videoLink":"/c/2020-11-03/476523.shtml","date":"2020-11-03(二)","week":"二","red":"06,13,16,20,23,32","blue":"13","blue2":"","sales":"358593188","poolmoney":"723801259","content":"北京1注,山西1注,辽宁1注,上海6注,江西1注,湖北11注,四川1注,宁夏1注,共23注。","addmoney":"","addmoney2":"","msg":"","z2add":"","m2add":"","prizegrades":[{"type":1,"typenum":"23","typemoney":"5708816"},{"type":2,"typenum":"133","typemoney":"153221"},{"type":3,"typenum":"1649","typemoney":"3000"},{"type":4,"typenum":"72684","typemoney":"200"},{"type":5,"typenum":"1308981","typemoney":"10"},{"type":6,"typenum":"12324639","typemoney":"5"},{"type":7,"typenum":"","typemoney":""}]},{"name":"双色球","code":"2020108","detailsLink":"/c/2020-11-01/476410.shtml","videoLink":"/c/2020-11-01/476409.shtml","date":"2020-11-01(日)","week":"日","red":"10,12,15,17,23,32","blue":"05","blue2":"","sales":"398129794","poolmoney":"793968638","content":"辽宁10注,江苏1注,广东1注,广西1注,云南5注,共18注。","addmoney":"","addmoney2":"","msg":"","z2add":"","m2add":"","prizegrades":[{"type":1,"typenum":"18","typemoney":"5973588"},{"type":2,"typenum":"123","typemoney":"178095"},{"type":3,"typenum":"1781","typemoney":"3000"},{"type":4,"typenum":"85056","typemoney":"200"},{"type":5,"typenum":"1529642","typemoney":"10"},{"type":6,"typenum":"13962011","typemoney":"5"},{"type":7,"typenum":"","typemoney":""}]},{"name":"双色球","code":"2020107","detailsLink":"/c/2020-10-29/476291.shtml","videoLink":"/c/2020-10-29/476290.shtml","date":"2020-10-29(四)","week":"四","red":"03,09,11,24,25,28","blue":"16","blue2":"","sales":"372099740","poolmoney":"835776030","content":"北京1注,浙江2注,湖北1注,云南1注,共5注。","addmoney":"","addmoney2":"","msg":"","z2add":"","m2add":"","prizegrades":[{"type":1,"typenum":"5","typemoney":"9250245"},{"type":2,"typenum":"185","typemoney":"143589"},{"type":3,"typenum":"1335","typemoney":"3000"},{"type":4,"typenum":"66856","typemoney":"200"},{"type":5,"typenum":"1297669","typemoney":"10"},{"type":6,"typenum":"9143970","typemoney":"5"},{"type":7,"typenum":"","typemoney":""}]},{"name":"双色球","code":"2020106","detailsLink":"/c/2020-10-27/476178.shtml","videoLink":"/c/2020-10-27/476180.shtml","date":"2020-10-27(二)","week":"二","red":"02,04,11,15,18,28","blue":"10","blue2":"","sales":"362151946","poolmoney":"802335158","content":"辽宁2注,吉林2注,上海1注,安徽2注,河南1注,广东3注,云南1注,甘肃1注,新疆1注,共14注。","addmoney":"","addmoney2":"","msg":"","z2add":"","m2add":"","prizegrades":[{"type":1,"typenum":"14","typemoney":"5906931"},{"type":2,"typenum":"123","typemoney":"129034"},{"type":3,"typenum":"2500","typemoney":"3000"},{"type":4,"typenum":"102898","typemoney":"200"},{"type":5,"typenum":"1717571","typemoney":"10"},{"type":6,"typenum":"13742786","typemoney":"5"},{"type":7,"typenum":"","typemoney":""}]},{"name":"双色球","code":"2020105","detailsLink":"/c/2020-10-25/475969.shtml","videoLink":"/c/2020-10-25/475968.shtml","date":"2020-10-25(日)","week":"日","red":"06,14,19,20,22,24","blue":"01","blue2":"","sales":"399513718","poolmoney":"837418291","content":"江苏2注,河南1注,四川1注,贵州1注,深圳1注,共6注。","addmoney":"","addmoney2":"","msg":"","z2add":"","m2add":"","prizegrades":[{"type":1,"typenum":"6","typemoney":"8700739"},{"type":2,"typenum":"117","typemoney":"237226"},{"type":3,"typenum":"1395","typemoney":"3000"},{"type":4,"typenum":"72328","typemoney":"200"},{"type":5,"typenum":"1364998","typemoney":"10"},{"type":6,"typenum":"10487794","typemoney":"5"},{"type":7,"typenum":"","typemoney":""}]},{"name":"双色球","code":"2020104","detailsLink":"/c/2020-10-22/475956.shtml","videoLink":"/c/2020-10-22/475955.shtml","date":"2020-10-22(四)","week":"四","red":"04,08,10,16,27,29","blue":"09","blue2":"","sales":"371069028","poolmoney":"806356097","content":"河北1注,辽宁1注,黑龙江1注,上海1注,安徽1注,河南1注,湖南1注,广东1注,四川1注,共9注。","addmoney":"","addmoney2":"","msg":"","z2add":"","m2add":"","prizegrades":[{"type":1,"typenum":"9","typemoney":"6582593"},{"type":2,"typenum":"102","typemoney":"174550"},{"type":3,"typenum":"2007","typemoney":"3000"},{"type":4,"typenum":"95481","typemoney":"200"},{"type":5,"typenum":"1539145","typemoney":"10"},{"type":6,"typenum":"14019697","typemoney":"5"},{"type":7,"typenum":"","typemoney":""}]},{"name":"双色球","code":"2020103","detailsLink":"/c/2020-10-20/475640.shtml","videoLink":"/c/2020-10-20/475639.shtml","date":"2020-10-20(二)","week":"二","red":"04,09,10,22,28,32","blue":"08","blue2":"","sales":"363566614","poolmoney":"812186919","content":"辽宁1注,黑龙江2注,浙江3注,山东1注,河南1注,广东2注,四川1注,陕西1注,深圳1注,共13注。","addmoney":"","addmoney2":"","msg":"","z2add":"","m2add":"","prizegrades":[{"type":1,"typenum":"13","typemoney":"6122197"},{"type":2,"typenum":"136","typemoney":"134086"},{"type":3,"typenum":"2037","typemoney":"3000"},{"type":4,"typenum":"94263","typemoney":"200"},{"type":5,"typenum":"1563821","typemoney":"10"},{"type":6,"typenum":"12920604","typemoney":"5"},{"type":7,"typenum":"","typemoney":""}]},{"name":"双色球","code":"2020102","detailsLink":"/c/2020-10-18/475425.shtml","videoLink":"/c/2020-10-18/475424.shtml","date":"2020-10-18(日)","week":"日","red":"09,10,19,25,26,29","blue":"08","blue2":"","sales":"385810668","poolmoney":"837068374","content":"北京1注,河北2注,山西1注,内蒙古3注,辽宁3注,黑龙江1注,上海1注,江苏1注,浙江6注,安徽3注,福建4注,江西3注,山东5注,重庆1注,河南4注,湖北4注,湖南1注,广东12注,广西1注,四川3注,贵州1注,云南3注,陕西4注,甘肃3注,新疆1注,深圳1注,共73注。","addmoney":"","addmoney2":"","msg":"","z2add":"","m2add":"","prizegrades":[{"type":1,"typenum":"73","typemoney":"5028416"},{"type":2,"typenum":"472","typemoney":"6000"},{"type":3,"typenum":"7605","typemoney":"3000"},{"type":4,"typenum":"235915","typemoney":"200"},{"type":5,"typenum":"2832338","typemoney":"10"},{"type":6,"typenum":"16070740","typemoney":"5"},{"type":7,"typenum":"","typemoney":""}]},{"name":"双色球","code":"2020101","detailsLink":"/c/2020-10-15/475312.shtml","videoLink":"/c/2020-10-15/475311.shtml","date":"2020-10-15(四)","week":"四","red":"10,17,24,25,28,30","blue":"15","blue2":"","sales":"360073112","poolmoney":"1196363693","content":"江西1注,河南1注,贵州5注,共7注。","addmoney":"","addmoney2":"","msg":"","z2add":"","m2add":"","prizegrades":[{"type":1,"typenum":"7","typemoney":"8298609"},{"type":2,"typenum":"109","typemoney":"264796"},{"type":3,"typenum":"884","typemoney":"3000"},{"type":4,"typenum":"56707","typemoney":"200"},{"type":5,"typenum":"1279986","typemoney":"10"},{"type":6,"typenum":"6838246","typemoney":"5"},{"type":7,"typenum":"","typemoney":""}]},{"name":"双色球","code":"2020100","detailsLink":"/c/2020-10-13/475202.shtml","videoLink":"/c/2020-10-13/475201.shtml","date":"2020-10-13(二)","week":"二","red":"01,07,15,16,20,23","blue":"07","blue2":"","sales":"352785364","poolmoney":"1167865459","content":"河北2注,上海1注,安徽1注,福建1注,山东1注,湖北1注,广东1注,陕西1注,共9注。","addmoney":"","addmoney2":"","msg":"","z2add":"","m2add":"","prizegrades":[{"type":1,"typenum":"9","typemoney":"6279386"},{"type":2,"typenum":"119","typemoney":"120950"},{"type":3,"typenum":"2231","typemoney":"3000"},{"type":4,"typenum":"96543","typemoney":"200"},{"type":5,"typenum":"1572941","typemoney":"10"},{"type":6,"typenum":"14712288","typemoney":"5"},{"type":7,"typenum":"","typemoney":""}]},{"name":"双色球","code":"2020099","detailsLink":"/c/2020-10-11/475092.shtml","videoLink":"/c/2020-10-11/475091.shtml","date":"2020-10-11(日)","week":"日","red":"05,06,11,12,15,30","blue":"12","blue2":"","sales":"390640850","poolmoney":"1181200651","content":"河北2注,福建1注,山东2注,河南1注,四川1注,共7注。","addmoney":"","addmoney2":"","msg":"","z2add":"","m2add":"","prizegrades":[{"type":1,"typenum":"7","typemoney":"7301898"},{"type":2,"typenum":"258","typemoney":"78068"},{"type":3,"typenum":"2455","typemoney":"3000"},{"type":4,"typenum":"107162","typemoney":"200"},{"type":5,"typenum":"1780029","typemoney":"10"},{"type":6,"typenum":"12849979","typemoney":"5"},{"type":7,"typenum":"","typemoney":""}]},{"name":"双色球","code":"2020098","detailsLink":"/c/2020-10-08/474979.shtml","videoLink":"/c/2020-10-08/474978.shtml","date":"2020-10-08(四)","week":"四","red":"06,08,11,22,25,33","blue":"02","blue2":"","sales":"347585130","poolmoney":"1171889114","content":"天津1注,江苏1注,湖北1注,广东2注,四川1注,贵州1注,共7注。","addmoney":"","addmoney2":"","msg":"","z2add":"","m2add":"","prizegrades":[{"type":1,"typenum":"7","typemoney":"8077008"},{"type":2,"typenum":"172","typemoney":"156533"},{"type":3,"typenum":"1043","typemoney":"3000"},{"type":4,"typenum":"62978","typemoney":"200"},{"type":5,"typenum":"1317442","typemoney":"10"},{"type":6,"typenum":"6744479","typemoney":"5"},{"type":7,"typenum":"","typemoney":""}]},{"name":"双色球","code":"2020097","detailsLink":"/c/2020-10-06/474969.shtml","videoLink":"/c/2020-10-06/474968.shtml","date":"2020-10-06(二)","week":"二","red":"02,08,21,25,26,30","blue":"10","blue2":"","sales":"352372566","poolmoney":"1147656700","content":"河北1注,辽宁2注,吉林1注,江苏2注,浙江1注,福建1注,江西1注,河南2注,湖南1注,广东2注,四川1注,云南2注,宁夏5注,共22注。","addmoney":"","addmoney2":"","msg":"","z2add":"","m2add":"","prizegrades":[{"type":1,"typenum":"22","typemoney":"5489356"},{"type":2,"typenum":"418","typemoney":"32194"},{"type":3,"typenum":"3847","typemoney":"3000"},{"type":4,"typenum":"165340","typemoney":"200"},{"type":5,"typenum":"2295504","typemoney":"10"},{"type":6,"typenum":"10253871","typemoney":"5"},{"type":7,"typenum":"","typemoney":""}]},{"name":"双色球","code":"2020096","detailsLink":"/c/2020-09-29/474854.shtml","videoLink":"/c/2020-09-29/474853.shtml","date":"2020-09-29(二)","week":"二","red":"01,20,23,26,27,32","blue":"15","blue2":"","sales":"356787262","poolmoney":"1228050661","content":"安徽1注,福建2注,江西1注,山东1注,广东1注,四川1注,陕西1注,共8注。","addmoney":"","addmoney2":"","msg":"","z2add":"","m2add":"","prizegrades":[{"type":1,"typenum":"8","typemoney":"8190972"},{"type":2,"typenum":"57","typemoney":"559819"},{"type":3,"typenum":"673","typemoney":"3000"},{"type":4,"typenum":"35890","typemoney":"200"},{"type":5,"typenum":"811900","typemoney":"10"},{"type":6,"typenum":"5974168","typemoney":"5"},{"type":7,"typenum":"","typemoney":""}]},{"name":"双色球","code":"2020095","detailsLink":"/c/2020-09-27/474743.shtml","videoLink":"/c/2020-09-27/474744.shtml","date":"2020-09-27(日)","week":"日","red":"03,09,16,17,20,26","blue":"02","blue2":"","sales":"387062108","poolmoney":"1197849256","content":"黑龙江1注,安徽1注,江西1注,山东2注,河南1注,共6注。","addmoney":"","addmoney2":"","msg":"","z2add":"","m2add":"","prizegrades":[{"type":1,"typenum":"6","typemoney":"7745143"},{"type":2,"typenum":"283","typemoney":"72751"},{"type":3,"typenum":"2753","typemoney":"3000"},{"type":4,"typenum":"121765","typemoney":"200"},{"type":5,"typenum":"1989344","typemoney":"10"},{"type":6,"typenum":"10960140","typemoney":"5"},{"type":7,"typenum":"","typemoney":""}]},{"name":"双色球","code":"2020094","detailsLink":"/c/2020-09-24/474631.shtml","videoLink":"/c/2020-09-24/474630.shtml","date":"2020-09-24(四)","week":"四","red":"10,15,17,27,29,31","blue":"08","blue2":"","sales":"357043412","poolmoney":"1182554395","content":"内蒙古1注,江苏1注,共2注。","addmoney":"","addmoney2":"","msg":"","z2add":"","m2add":"","prizegrades":[{"type":1,"typenum":"2","typemoney":"10000000"},{"type":2,"typenum":"57","typemoney":"248955"},{"type":3,"typenum":"1405","typemoney":"3000"},{"type":4,"typenum":"74861","typemoney":"200"},{"type":5,"typenum":"1367892","typemoney":"10"},{"type":6,"typenum":"17064657","typemoney":"5"},{"type":7,"typenum":"","typemoney":""}]},{"name":"双色球","code":"2020093","detailsLink":"/c/2020-09-22/474521.shtml","videoLink":"/c/2020-09-22/474520.shtml","date":"2020-09-22(二)","week":"二","red":"04,05,10,13,15,19","blue":"15","blue2":"","sales":"364874692","poolmoney":"1159982996","content":"北京1注,天津1注,安徽1注,福建1注,共4注。","addmoney":"","addmoney2":"","msg":"","z2add":"","m2add":"","prizegrades":[{"type":1,"typenum":"4","typemoney":"10000000"},{"type":2,"typenum":"110","typemoney":"261408"},{"type":3,"typenum":"1074","typemoney":"3000"},{"type":4,"typenum":"60105","typemoney":"200"},{"type":5,"typenum":"1253209","typemoney":"10"},{"type":6,"typenum":"7198712","typemoney":"5"},{"type":7,"typenum":"","typemoney":""}]},{"name":"双色球","code":"2020092","detailsLink":"/c/2020-09-20/474411.shtml","videoLink":"/c/2020-09-20/474410.shtml","date":"2020-09-20(日)","week":"日","red":"01,06,12,18,22,24","blue":"03","blue2":"","sales":"394714558","poolmoney":"1113718036","content":"浙江3注,河南1注,湖南1注,广东1注,共6注。","addmoney":"","addmoney2":"","msg":"","z2add":"","m2add":"","prizegrades":[{"type":1,"typenum":"6","typemoney":"8324368"},{"type":2,"typenum":"160","typemoney":"155829"},{"type":3,"typenum":"2002","typemoney":"3000"},{"type":4,"typenum":"85508","typemoney":"200"},{"type":5,"typenum":"1448686","typemoney":"10"},{"type":6,"typenum":"11216922","typemoney":"5"},{"type":7,"typenum":"","typemoney":""}]},{"name":"双色球","code":"2020091","detailsLink":"/c/2020-09-17/474398.shtml","videoLink":"/c/2020-09-17/474397.shtml","date":"2020-09-17(四)","week":"四","red":"01,09,11,12,16,19","blue":"16","blue2":"","sales":"362307424","poolmoney":"1088865952","content":"天津1注,内蒙古1注,辽宁1注,江苏2注,浙江1注,江西1注,山东1注,河南2注,湖北1注,共11注。","addmoney":"","addmoney2":"","msg":"","z2add":"","m2add":"","prizegrades":[{"type":1,"typenum":"11","typemoney":"6771891"},{"type":2,"typenum":"120","typemoney":"203029"},{"type":3,"typenum":"1541","typemoney":"3000"},{"type":4,"typenum":"71016","typemoney":"200"},{"type":5,"typenum":"1312846","typemoney":"10"},{"type":6,"typenum":"9624391","typemoney":"5"},{"type":7,"typenum":"","typemoney":""}]},{"name":"双色球","code":"2020090","detailsLink":"/c/2020-09-15/474088.shtml","videoLink":"/c/2020-09-15/474087.shtml","date":"2020-09-15(二)","week":"二","red":"02,21,23,26,31,32","blue":"06","blue2":"","sales":"357200726","poolmoney":"1090266240","content":"上海1注,浙江4注,广东1注,共6注。","addmoney":"","addmoney2":"","msg":"","z2add":"","m2add":"","prizegrades":[{"type":1,"typenum":"6","typemoney":"8569539"},{"type":2,"typenum":"43","typemoney":"622594"},{"type":3,"typenum":"773","typemoney":"3000"},{"type":4,"typenum":"46888","typemoney":"200"},{"type":5,"typenum":"977428","typemoney":"10"},{"type":6,"typenum":"9294256","typemoney":"5"},{"type":7,"typenum":"","typemoney":""}]},{"name":"双色球","code":"2020089","detailsLink":"/c/2020-09-13/473978.shtml","videoLink":"/c/2020-09-13/473977.shtml","date":"2020-09-13(日)","week":"日","red":"02,14,16,21,29,30","blue":"10","blue2":"","sales":"388734662","poolmoney":"1061368833","content":"浙江1注,广东10注,共11注。","addmoney":"","addmoney2":"","msg":"","z2add":"","m2add":"","prizegrades":[{"type":1,"typenum":"11","typemoney":"7200974"},{"type":2,"typenum":"113","typemoney":"267817"},{"type":3,"typenum":"1002","typemoney":"3000"},{"type":4,"typenum":"61024","typemoney":"200"},{"type":5,"typenum":"1301686","typemoney":"10"},{"type":6,"typenum":"8239742","typemoney":"5"},{"type":7,"typenum":"","typemoney":""}]},{"name":"双色球","code":"2020088","detailsLink":"/c/2020-09-10/473965.shtml","videoLink":"/c/2020-09-10/473964.shtml","date":"2020-09-10(四)","week":"四","red":"01,06,12,26,29,30","blue":"12","blue2":"","sales":"359763320","poolmoney":"1049789346","content":"河北3注,黑龙江1注,上海1注,江苏1注,安徽1注,福建1注,河南1注,湖北1注,湖南1注,广东1注,贵州1注,云南1注,共14注。","addmoney":"","addmoney2":"","msg":"","z2add":"","m2add":"","prizegrades":[{"type":1,"typenum":"14","typemoney":"6377823"},{"type":2,"typenum":"175","typemoney":"137782"},{"type":3,"typenum":"1777","typemoney":"3000"},{"type":4,"typenum":"76971","typemoney":"200"},{"type":5,"typenum":"1390550","typemoney":"10"},{"type":6,"typenum":"9041132","typemoney":"5"},{"type":7,"typenum":"","typemoney":""}]},{"name":"双色球","code":"2020087","detailsLink":"/c/2020-09-08/473855.shtml","videoLink":"/c/2020-09-08/473854.shtml","date":"2020-09-08(二)","week":"二","red":"11,15,20,23,25,33","blue":"10","blue2":"","sales":"351393474","poolmoney":"1066743130","content":"北京1注,山东1注,四川1注,云南1注,陕西1注,共5注。","addmoney":"","addmoney2":"","msg":"","z2add":"","m2add":"","prizegrades":[{"type":1,"typenum":"5","typemoney":"7940558"},{"type":2,"typenum":"44","typemoney":"417692"},{"type":3,"typenum":"1430","typemoney":"3000"},{"type":4,"typenum":"67064","typemoney":"200"},{"type":5,"typenum":"1248566","typemoney":"10"},{"type":6,"typenum":"13696077","typemoney":"5"},{"type":7,"typenum":"","typemoney":""}]},{"name":"双色球","code":"2020086","detailsLink":"/c/2020-09-06/473745.shtml","videoLink":"/c/2020-09-06/473744.shtml","date":"2020-09-06(日)","week":"日","red":"02,04,06,15,24,27","blue":"06","blue2":"","sales":"383150704","poolmoney":"1051310454","content":"黑龙江2注,福建1注,河南1注,广东1注,广西1注,宁夏1注,共7注。","addmoney":"","addmoney2":"","msg":"","z2add":"","m2add":"","prizegrades":[{"type":1,"typenum":"7","typemoney":"7452652"},{"type":2,"typenum":"117","typemoney":"183424"},{"type":3,"typenum":"1870","typemoney":"3000"},{"type":4,"typenum":"91887","typemoney":"200"},{"type":5,"typenum":"1703740","typemoney":"10"},{"type":6,"typenum":"12175241","typemoney":"5"},{"type":7,"typenum":"","typemoney":""}]},{"name":"双色球","code":"2020085","detailsLink":"/c/2020-09-03/473632.shtml","videoLink":"/c/2020-09-03/473631.shtml","date":"2020-09-03(四)","week":"四","red":"01,02,05,09,19,24","blue":"16","blue2":"","sales":"349243256","poolmoney":"1039096893","content":"江苏1注,安徽1注,广东1注,共3注。","addmoney":"","addmoney2":"","msg":"","z2add":"","m2add":"","prizegrades":[{"type":1,"typenum":"3","typemoney":"10000000"},{"type":2,"typenum":"135","typemoney":"175949"},{"type":3,"typenum":"1659","typemoney":"3000"},{"type":4,"typenum":"78797","typemoney":"200"},{"type":5,"typenum":"1363570","typemoney":"10"},{"type":6,"typenum":"8348914","typemoney":"5"},{"type":7,"typenum":"","typemoney":""}]},{"name":"双色球","code":"2020084","detailsLink":"/c/2020-09-01/473522.shtml","videoLink":"/c/2020-09-01/473521.shtml","date":"2020-09-01(二)","week":"二","red":"03,07,16,17,23,30","blue":"07","blue2":"","sales":"340223360","poolmoney":"997837500","content":"北京1注,山西2注,内蒙古1注,辽宁1注,江苏1注,浙江1注,安徽1注,福建1注,山东1注,河南1注,湖北1注,四川1注,云南1注,陕西1注,共15注。","addmoney":"","addmoney2":"","msg":"","z2add":"","m2add":"","prizegrades":[{"type":1,"typenum":"15","typemoney":"5641465"},{"type":2,"typenum":"265","typemoney":"45386"},{"type":3,"typenum":"3166","typemoney":"3000"},{"type":4,"typenum":"127083","typemoney":"200"},{"type":5,"typenum":"1845213","typemoney":"10"},{"type":6,"typenum":"13046559","typemoney":"5"},{"type":7,"typenum":"","typemoney":""}]},{"name":"双色球","code":"2020083","detailsLink":"/c/2020-08-30/473412.shtml","videoLink":"/c/2020-08-30/473411.shtml","date":"2020-08-30(日)","week":"日","red":"01,19,25,26,30,31","blue":"12","blue2":"","sales":"375628538","poolmoney":"1046377044","content":"吉林1注,江苏1注,福建1注,河南1注,广东2注,甘肃1注,共7注。","addmoney":"","addmoney2":"","msg":"","z2add":"","m2add":"","prizegrades":[{"type":1,"typenum":"7","typemoney":"7916189"},{"type":2,"typenum":"96","typemoney":"265798"},{"type":3,"typenum":"1266","typemoney":"3000"},{"type":4,"typenum":"63131","typemoney":"200"},{"type":5,"typenum":"1192139","typemoney":"10"},{"type":6,"typenum":"10729153","typemoney":"5"},{"type":7,"typenum":"","typemoney":""}]},{"name":"双色球","code":"2020082","detailsLink":"/c/2020-08-27/473399.shtml","videoLink":"/c/2020-08-27/473398.shtml","date":"2020-08-27(四)","week":"四","red":"02,08,11,17,21,30","blue":"09","blue2":"","sales":"339738944","poolmoney":"1025240399","content":"北京1注,河北2注,山西1注,辽宁2注,上海1注,浙江1注,福建1注,山东2注,河南1注,湖南3注,广东1注,四川1注,云南1注,陕西1注,甘肃1注,新疆1注,深圳1注,共22注。","addmoney":"","addmoney2":"","msg":"","z2add":"","m2add":"","prizegrades":[{"type":1,"typenum":"22","typemoney":"5094481"},{"type":2,"typenum":"320","typemoney":"8119"},{"type":3,"typenum":"4865","typemoney":"3000"},{"type":4,"typenum":"161719","typemoney":"200"},{"type":5,"typenum":"2197546","typemoney":"10"},{"type":6,"typenum":"17432967","typemoney":"5"},{"type":7,"typenum":"","typemoney":""}]},{"name":"双色球","code":"2020081","detailsLink":"/c/2020-08-25/473289.shtml","videoLink":"/c/2020-08-25/473288.shtml","date":"2020-08-25(二)","week":"二","red":"01,05,13,14,27,33","blue":"15","blue2":"","sales":"341884184","poolmoney":"1129524256","content":"湖南2注,广东1注,四川1注,贵州2注,西藏1注,陕西3注,宁夏1注,共11注。","addmoney":"","addmoney2":"","msg":"","z2add":"","m2add":"","prizegrades":[{"type":1,"typenum":"11","typemoney":"7057769"},{"type":2,"typenum":"108","typemoney":"261984"},{"type":3,"typenum":"771","typemoney":"3000"},{"type":4,"typenum":"46501","typemoney":"200"},{"type":5,"typenum":"944241","typemoney":"10"},{"type":6,"typenum":"6658059","typemoney":"5"},{"type":7,"typenum":"","typemoney":""}]},{"name":"双色球","code":"2020080","detailsLink":"/c/2020-08-23/472979.shtml","videoLink":"/c/2020-08-23/472978.shtml","date":"2020-08-23(日)","week":"日","red":"14,15,18,22,31,33","blue":"01","blue2":"","sales":"375199530","poolmoney":"1122276717","content":"浙江1注,福建1注,共2注。","addmoney":"","addmoney2":"","msg":"","z2add":"","m2add":"","prizegrades":[{"type":1,"typenum":"2","typemoney":"10000000"},{"type":2,"typenum":"70","typemoney":"397581"},{"type":3,"typenum":"1011","typemoney":"3000"},{"type":4,"typenum":"54230","typemoney":"200"},{"type":5,"typenum":"1096781","typemoney":"10"},{"type":6,"typenum":"9535610","typemoney":"5"},{"type":7,"typenum":"","typemoney":""}]},{"name":"双色球","code":"2020079","detailsLink":"/c/2020-08-20/472866.shtml","videoLink":"/c/2020-08-20/472865.shtml","date":"2020-08-20(四)","week":"四","red":"05,12,20,21,22,29","blue":"14","blue2":"","sales":"347031342","poolmoney":"1058784536","content":"黑龙江2注,福建1注,山东1注,广东1注,四川1注,共6注。","addmoney":"","addmoney2":"","msg":"","z2add":"","m2add":"","prizegrades":[{"type":1,"typenum":"6","typemoney":"8578055"},{"type":2,"typenum":"183","typemoney":"146641"},{"type":3,"typenum":"1179","typemoney":"3000"},{"type":4,"typenum":"57916","typemoney":"200"},{"type":5,"typenum":"1177078","typemoney":"10"},{"type":6,"typenum":"7162542","typemoney":"5"},{"type":7,"typenum":"","typemoney":""}]},{"name":"双色球","code":"2020078","detailsLink":"/c/2020-08-18/472756.shtml","videoLink":"/c/2020-08-18/472755.shtml","date":"2020-08-18(二)","week":"二","red":"03,11,14,16,21,32","blue":"04","blue2":"","sales":"339766446","poolmoney":"1029746619","content":"浙江1注,共1注。","addmoney":"","addmoney2":"","msg":"","z2add":"","m2add":"","prizegrades":[{"type":1,"typenum":"1","typemoney":"10000000"},{"type":2,"typenum":"76","typemoney":"347407"},{"type":3,"typenum":"885","typemoney":"3000"},{"type":4,"typenum":"45994","typemoney":"200"},{"type":5,"typenum":"1001391","typemoney":"10"},{"type":6,"typenum":"7801189","typemoney":"5"},{"type":7,"typenum":"","typemoney":""}]},{"name":"双色球","code":"2020077","detailsLink":"/c/2020-08-16/472646.shtml","videoLink":"/c/2020-08-16/472645.shtml","date":"2020-08-16(日)","week":"日","red":"03,10,16,21,25,27","blue":"12","blue2":"","sales":"376430570","poolmoney":"960537693","content":"河北2注,山西5注,浙江2注,重庆1注,河南11注,湖北2注,广东1注,广西3注,共27注。","addmoney":"","addmoney2":"","msg":"","z2add":"","m2add":"","prizegrades":[{"type":1,"typenum":"27","typemoney":"5841121"},{"type":2,"typenum":"326","typemoney":"87079"},{"type":3,"typenum":"1359","typemoney":"3000"},{"type":4,"typenum":"64947","typemoney":"200"},{"type":5,"typenum":"1148379","typemoney":"10"},{"type":6,"typenum":"8469869","typemoney":"5"},{"type":7,"typenum":"","typemoney":""}]},{"name":"双色球","code":"2020076","detailsLink":"/c/2020-08-13/472633.shtml","videoLink":"/c/2020-08-13/472632.shtml","date":"2020-08-13(四)","week":"四","red":"10,15,16,18,20,27","blue":"06","blue2":"","sales":"346015916","poolmoney":"1033084399","content":"上海1注,江苏1注,浙江1注,湖北2注,广东1注,新疆1注,深圳1注,共8注。","addmoney":"","addmoney2":"","msg":"","z2add":"","m2add":"","prizegrades":[{"type":1,"typenum":"8","typemoney":"6895903"},{"type":2,"typenum":"82","typemoney":"231207"},{"type":3,"typenum":"1378","typemoney":"3000"},{"type":4,"typenum":"83353","typemoney":"200"},{"type":5,"typenum":"1385076","typemoney":"10"},{"type":6,"typenum":"11811261","typemoney":"5"},{"type":7,"typenum":"","typemoney":""}]},{"name":"双色球","code":"2020075","detailsLink":"/c/2020-08-11/472523.shtml","videoLink":"/c/2020-08-11/472522.shtml","date":"2020-08-11(二)","week":"二","red":"03,11,13,20,24,30","blue":"16","blue2":"","sales":"342593198","poolmoney":"1031374526","content":"浙江1注,共1注。","addmoney":"","addmoney2":"","msg":"","z2add":"","m2add":"","prizegrades":[{"type":1,"typenum":"1","typemoney":"10000000"},{"type":2,"typenum":"143","typemoney":"155685"},{"type":3,"typenum":"1703","typemoney":"3000"},{"type":4,"typenum":"72291","typemoney":"200"},{"type":5,"typenum":"1374269","typemoney":"10"},{"type":6,"typenum":"9101749","typemoney":"5"},{"type":7,"typenum":"","typemoney":""}]},{"name":"双色球","code":"2020074","detailsLink":"/c/2020-08-09/472413.shtml","videoLink":"/c/2020-08-09/472412.shtml","date":"2020-08-09(日)","week":"日","red":"04,08,09,13,19,33","blue":"12","blue2":"","sales":"375478220","poolmoney":"974585503","content":"江苏1注,江西1注,贵州1注,云南1注,深圳1注,共5注。","addmoney":"","addmoney2":"","msg":"","z2add":"","m2add":"","prizegrades":[{"type":1,"typenum":"5","typemoney":"8629293"},{"type":2,"typenum":"107","typemoney":"211991"},{"type":3,"typenum":"1690","typemoney":"3000"},{"type":4,"typenum":"83978","typemoney":"200"},{"type":5,"typenum":"1572292","typemoney":"10"},{"type":6,"typenum":"11132696","typemoney":"5"},{"type":7,"typenum":"","typemoney":""}]},{"name":"双色球","code":"2020073","detailsLink":"/c/2020-08-06/472299.shtml","videoLink":"/c/2020-08-06/472300.shtml","date":"2020-08-06(四)","week":"四","red":"05,07,11,13,27,29","blue":"03","blue2":"","sales":"344984126","poolmoney":"949682723","content":"河北2注,安徽1注,山东1注,湖南1注,广西1注,海南1注,青海1注,共8注。","addmoney":"","addmoney2":"","msg":"","z2add":"","m2add":"","prizegrades":[{"type":1,"typenum":"8","typemoney":"7005129"},{"type":2,"typenum":"129","typemoney":"155436"},{"type":3,"typenum":"1913","typemoney":"3000"},{"type":4,"typenum":"95278","typemoney":"200"},{"type":5,"typenum":"1702038","typemoney":"10"},{"type":6,"typenum":"9404409","typemoney":"5"},{"type":7,"typenum":"","typemoney":""}]},{"name":"双色球","code":"2020072","detailsLink":"/c/2020-08-04/472190.shtml","videoLink":"/c/2020-08-04/472189.shtml","date":"2020-08-04(二)","week":"二","red":"06,08,10,15,17,26","blue":"04","blue2":"","sales":"335806408","poolmoney":"945569865","content":"吉林1注,浙江1注,河南1注,湖南2注,广东1注,甘肃1注,共7注。","addmoney":"","addmoney2":"","msg":"","z2add":"","m2add":"","prizegrades":[{"type":1,"typenum":"7","typemoney":"7525472"},{"type":2,"typenum":"104","typemoney":"212479"},{"type":3,"typenum":"1837","typemoney":"3000"},{"type":4,"typenum":"80731","typemoney":"200"},{"type":5,"typenum":"1505907","typemoney":"10"},{"type":6,"typenum":"7887468","typemoney":"5"},{"type":7,"typenum":"","typemoney":""}]},{"name":"双色球","code":"2020071","detailsLink":"/c/2020-08-02/472080.shtml","videoLink":"/c/2020-08-02/472079.shtml","date":"2020-08-02(日)","week":"日","red":"09,11,12,13,22,23","blue":"08","blue2":"","sales":"363190440","poolmoney":"931954524","content":"吉林1注,江苏2注,浙江2注,福建1注,山东2注,湖北1注,广东3注,共12注。","addmoney":"","addmoney2":"","msg":"","z2add":"","m2add":"","prizegrades":[{"type":1,"typenum":"12","typemoney":"6156653"},{"type":2,"typenum":"133","typemoney":"130449"},{"type":3,"typenum":"2094","typemoney":"3000"},{"type":4,"typenum":"93662","typemoney":"200"},{"type":5,"typenum":"1588088","typemoney":"10"},{"type":6,"typenum":"13533760","typemoney":"5"},{"type":7,"typenum":"","typemoney":""}]},{"name":"双色球","code":"2020070","detailsLink":"/c/2020-07-30/472067.shtml","videoLink":"/c/2020-07-30/472066.shtml","date":"2020-07-30(四)","week":"四","red":"01,02,04,06,19,21","blue":"15","blue2":"","sales":"343442594","poolmoney":"953784945","content":"辽宁1注,黑龙江1注,江苏2注,浙江1注,河南1注,湖北1注,贵州1注,甘肃5注,深圳10注,共23注。","addmoney":"","addmoney2":"","msg":"","z2add":"","m2add":"","prizegrades":[{"type":1,"typenum":"23","typemoney":"5829067"},{"type":2,"typenum":"100","typemoney":"238356"},{"type":3,"typenum":"951","typemoney":"3000"},{"type":4,"typenum":"55811","typemoney":"200"},{"type":5,"typenum":"1144050","typemoney":"10"},{"type":6,"typenum":"9497682","typemoney":"5"},{"type":7,"typenum":"","typemoney":""}]},{"name":"双色球","code":"2020069","detailsLink":"/c/2020-07-28/471957.shtml","videoLink":"/c/2020-07-28/471956.shtml","date":"2020-07-28(二)","week":"二","red":"03,09,10,13,18,26","blue":"04","blue2":"","sales":"343151528","poolmoney":"1016346427","content":"河北5注,深圳2注,共7注。","addmoney":"","addmoney2":"","msg":"","z2add":"","m2add":"","prizegrades":[{"type":1,"typenum":"7","typemoney":"7827856"},{"type":2,"typenum":"99","typemoney":"249936"},{"type":3,"typenum":"1278","typemoney":"3000"},{"type":4,"typenum":"67529","typemoney":"200"},{"type":5,"typenum":"1276366","typemoney":"10"},{"type":6,"typenum":"7813164","typemoney":"5"},{"type":7,"typenum":"","typemoney":""}]},{"name":"双色球","code":"2020068","detailsLink":"/c/2020-07-26/471847.shtml","videoLink":"/c/2020-07-26/471846.shtml","date":"2020-07-26(日)","week":"日","red":"12,16,21,26,27,32","blue":"10","blue2":"","sales":"376630286","poolmoney":"996910195","content":"河北2注,山西1注,江苏1注,浙江4注,安徽1注,湖北2注,湖南2注,贵州1注,云南1注,宁夏2注,共17注。","addmoney":"","addmoney2":"","msg":"","z2add":"","m2add":"","prizegrades":[{"type":1,"typenum":"17","typemoney":"5430373"},{"type":2,"typenum":"128","typemoney":"71448"},{"type":3,"typenum":"3605","typemoney":"3000"},{"type":4,"typenum":"117265","typemoney":"200"},{"type":5,"typenum":"1780262","typemoney":"10"},{"type":6,"typenum":"19179292","typemoney":"5"},{"type":7,"typenum":"","typemoney":""}]},{"name":"双色球","code":"2020067","detailsLink":"/c/2020-07-23/471834.shtml","videoLink":"/c/2020-07-23/471833.shtml","date":"2020-07-23(四)","week":"四","red":"04,07,09,23,27,30","blue":"08","blue2":"","sales":"353153516","poolmoney":"1061790227","content":"山西1注,吉林1注,黑龙江1注,安徽1注,山东1注,湖北4注,云南1注,共10注。","addmoney":"","addmoney2":"","msg":"","z2add":"","m2add":"","prizegrades":[{"type":1,"typenum":"10","typemoney":"6979941"},{"type":2,"typenum":"140","typemoney":"176780"},{"type":3,"typenum":"1518","typemoney":"3000"},{"type":4,"typenum":"69948","typemoney":"200"},{"type":5,"typenum":"1299104","typemoney":"10"},{"type":6,"typenum":"8502701","typemoney":"5"},{"type":7,"typenum":"","typemoney":""}]},{"name":"双色球","code":"2020066","detailsLink":"/c/2020-07-21/471724.shtml","videoLink":"/c/2020-07-21/471723.shtml","date":"2020-07-21(二)","week":"二","red":"02,09,13,17,26,28","blue":"07","blue2":"","sales":"352149702","poolmoney":"1057341835","content":"山西1注,江苏2注,福建1注,江西1注,重庆2注,广东1注,贵州5注,云南1注,陕西1注,共15注。","addmoney":"","addmoney2":"","msg":"","z2add":"","m2add":"","prizegrades":[{"type":1,"typenum":"15","typemoney":"6006277"},{"type":2,"typenum":"137","typemoney":"137720"},{"type":3,"typenum":"2116","typemoney":"3000"},{"type":4,"typenum":"85857","typemoney":"200"},{"type":5,"typenum":"1486743","typemoney":"10"},{"type":6,"typenum":"11739149","typemoney":"5"},{"type":7,"typenum":"","typemoney":""}]},{"name":"双色球","code":"2020065","detailsLink":"/c/2020-07-19/471614.shtml","videoLink":"/c/2020-07-19/471613.shtml","date":"2020-07-19(日)","week":"日","red":"09,15,18,21,23,26","blue":"08","blue2":"","sales":"381062334","poolmoney":"1090832907","content":"内蒙古1注,河南2注,广东1注,西藏1注,共5注。","addmoney":"","addmoney2":"","msg":"","z2add":"","m2add":"","prizegrades":[{"type":1,"typenum":"5","typemoney":"8838315"},{"type":2,"typenum":"89","typemoney":"269544"},{"type":3,"typenum":"1454","typemoney":"3000"},{"type":4,"typenum":"70971","typemoney":"200"},{"type":5,"typenum":"1281044","typemoney":"10"},{"type":6,"typenum":"11879201","typemoney":"5"},{"type":7,"typenum":"","typemoney":""}]},{"name":"双色球","code":"2020064","detailsLink":"/c/2020-07-16/471201.shtml","videoLink":"/c/2020-07-16/471200.shtml","date":"2020-07-16(四)","week":"四","red":"01,03,07,21,27,32","blue":"01","blue2":"","sales":"356057386","poolmoney":"1063056063","content":"上海1注,共1注。","addmoney":"","addmoney2":"","msg":"","z2add":"","m2add":"","prizegrades":[{"type":1,"typenum":"1","typemoney":"10000000"},{"type":2,"typenum":"77","typemoney":"351356"},{"type":3,"typenum":"919","typemoney":"3000"},{"type":4,"typenum":"56606","typemoney":"200"},{"type":5,"typenum":"1140698","typemoney":"10"},{"type":6,"typenum":"8153023","typemoney":"5"},{"type":7,"typenum":"","typemoney":""}]},{"name":"双色球","code":"2020063","detailsLink":"/c/2020-07-14/471091.shtml","videoLink":"/c/2020-07-14/471090.shtml","date":"2020-07-14(二)","week":"二","red":"12,15,16,22,29,32","blue":"14","blue2":"","sales":"357076054","poolmoney":"991892696","content":"北京1注,河北1注,江苏1注,共3注。","addmoney":"","addmoney2":"","msg":"","z2add":"","m2add":"","prizegrades":[{"type":1,"typenum":"3","typemoney":"10000000"},{"type":2,"typenum":"103","typemoney":"289264"},{"type":3,"typenum":"769","typemoney":"3000"},{"type":4,"typenum":"50919","typemoney":"200"},{"type":5,"typenum":"1099317","typemoney":"10"},{"type":6,"typenum":"6461252","typemoney":"5"},{"type":7,"typenum":"","typemoney":""}]},{"name":"双色球","code":"2020062","detailsLink":"/c/2020-07-12/470881.shtml","videoLink":"/c/2020-07-12/470880.shtml","date":"2020-07-12(日)","week":"日","red":"10,14,17,22,26,27","blue":"05","blue2":"","sales":"391827962","poolmoney":"932509919","content":"江苏2注,江西1注,陕西1注,新疆1注,共5注。","addmoney":"","addmoney2":"","msg":"","z2add":"","m2add":"","prizegrades":[{"type":1,"typenum":"5","typemoney":"8901954"},{"type":2,"typenum":"94","typemoney":"259438"},{"type":3,"typenum":"1220","typemoney":"3000"},{"type":4,"typenum":"63319","typemoney":"200"},{"type":5,"typenum":"1218439","typemoney":"10"},{"type":6,"typenum":"13187729","typemoney":"5"},{"type":7,"typenum":"","typemoney":""}]},{"name":"双色球","code":"2020061","detailsLink":"/c/2020-07-09/470868.shtml","videoLink":"/c/2020-07-09/470867.shtml","date":"2020-07-09(四)","week":"四","red":"08,17,24,26,27,31","blue":"04","blue2":"","sales":"366447904","poolmoney":"903858043","content":"江苏1注,共1注。","addmoney":"","addmoney2":"","msg":"","z2add":"","m2add":"","prizegrades":[{"type":1,"typenum":"1","typemoney":"10000000"},{"type":2,"typenum":"91","typemoney":"281269"},{"type":3,"typenum":"1118","typemoney":"3000"},{"type":4,"typenum":"66022","typemoney":"200"},{"type":5,"typenum":"1327960","typemoney":"10"},{"type":6,"typenum":"9467898","typemoney":"5"},{"type":7,"typenum":"","typemoney":""}]},{"name":"双色球","code":"2020060","detailsLink":"/c/2020-07-07/470758.shtml","videoLink":"/c/2020-07-07/470757.shtml","date":"2020-07-07(二)","week":"二","red":"05,09,14,20,24,30","blue":"08","blue2":"","sales":"356937202","poolmoney":"837071557","content":"北京1注,天津1注,河北1注,内蒙古1注,黑龙江1注,上海1注,江苏2注,浙江2注,安徽4注,福建3注,山东2注,重庆3注,河南2注,湖北1注,湖南2注,广东4注,广西1注,四川2注,陕西2注,深圳2注,共38注。","addmoney":"","addmoney2":"","msg":"","z2add":"","m2add":"","prizegrades":[{"type":1,"typenum":"38","typemoney":"5238209"},{"type":2,"typenum":"554","typemoney":"20424"},{"type":3,"typenum":"4357","typemoney":"3000"},{"type":4,"typenum":"164149","typemoney":"200"},{"type":5,"typenum":"2321290","typemoney":"10"},{"type":6,"typenum":"12105159","typemoney":"5"},{"type":7,"typenum":"","typemoney":""}]},{"name":"双色球","code":"2020059","detailsLink":"/c/2020-07-05/470648.shtml","videoLink":"/c/2020-07-05/470647.shtml","date":"2020-07-05(日)","week":"日","red":"02,04,10,17,22,25","blue":"14","blue2":"","sales":"386807160","poolmoney":"1002178704","content":"黑龙江1注,安徽1注,湖南1注,陕西1注,共4注。","addmoney":"","addmoney2":"","msg":"","z2add":"","m2add":"","prizegrades":[{"type":1,"typenum":"4","typemoney":"10000000"},{"type":2,"typenum":"190","typemoney":"147308"},{"type":3,"typenum":"1485","typemoney":"3000"},{"type":4,"typenum":"88573","typemoney":"200"},{"type":5,"typenum":"1671444","typemoney":"10"},{"type":6,"typenum":"7739433","typemoney":"5"},{"type":7,"typenum":"","typemoney":""}]},{"name":"双色球","code":"2020058","detailsLink":"/c/2020-07-02/470535.shtml","videoLink":"/c/2020-07-02/470534.shtml","date":"2020-07-02(四)","week":"四","red":"01,03,11,12,19,26","blue":"07","blue2":"","sales":"356052050","poolmoney":"958212978","content":"北京1注,河北2注,辽宁1注,上海1注,江苏1注,安徽1注,福建1注,山东3注,河南1注,广东4注,广西1注,云南1注,共18注。","addmoney":"","addmoney2":"","msg":"","z2add":"","m2add":"","prizegrades":[{"type":1,"typenum":"18","typemoney":"5569985"},{"type":2,"typenum":"136","typemoney":"94299"},{"type":3,"typenum":"2821","typemoney":"3000"},{"type":4,"typenum":"107734","typemoney":"200"},{"type":5,"typenum":"1708942","typemoney":"10"},{"type":6,"typenum":"15213521","typemoney":"5"},{"type":7,"typenum":"","typemoney":""}]},{"name":"双色球","code":"2020057","detailsLink":"/c/2020-06-30/470425.shtml","videoLink":"/c/2020-06-30/470424.shtml","date":"2020-06-30(二)","week":"二","red":"09,14,21,23,26,32","blue":"03","blue2":"","sales":"349147892","poolmoney":"1019998705","content":"安徽1注,广东1注,宁夏1注,共3注。","addmoney":"","addmoney2":"","msg":"","z2add":"","m2add":"","prizegrades":[{"type":1,"typenum":"3","typemoney":"10000000"},{"type":2,"typenum":"113","typemoney":"193145"},{"type":3,"typenum":"1334","typemoney":"3000"},{"type":4,"typenum":"68019","typemoney":"200"},{"type":5,"typenum":"1289604","typemoney":"10"},{"type":6,"typenum":"10655792","typemoney":"5"},{"type":7,"typenum":"","typemoney":""}]},{"name":"双色球","code":"2020056","detailsLink":"/c/2020-06-28/470315.shtml","videoLink":"/c/2020-06-28/470314.shtml","date":"2020-06-28(日)","week":"日","red":"02,05,08,12,26,31","blue":"14","blue2":"","sales":"380233782","poolmoney":"984522456","content":"辽宁10注,黑龙江1注,湖北2注,广东2注,甘肃1注,青海1注,共17注。","addmoney":"","addmoney2":"","msg":"","z2add":"","m2add":"","prizegrades":[{"type":1,"typenum":"17","typemoney":"6280167"},{"type":2,"typenum":"186","typemoney":"146255"},{"type":3,"typenum":"1223","typemoney":"3000"},{"type":4,"typenum":"72751","typemoney":"200"},{"type":5,"typenum":"1416500","typemoney":"10"},{"type":6,"typenum":"9023227","typemoney":"5"},{"type":7,"typenum":"","typemoney":""}]},{"name":"双色球","code":"2020055","detailsLink":"/c/2020-06-25/470302.shtml","videoLink":"/c/2020-06-25/470301.shtml","date":"2020-06-25(四)","week":"四","red":"01,05,07,23,28,30","blue":"12","blue2":"","sales":"327140694","poolmoney":"1009674637","content":"吉林1注,山东2注,河南2注,湖南1注,广东6注,陕西2注,共14注。","addmoney":"","addmoney2":"","msg":"","z2add":"","m2add":"","prizegrades":[{"type":1,"typenum":"14","typemoney":"5761052"},{"type":2,"typenum":"198","typemoney":"67264"},{"type":3,"typenum":"2860","typemoney":"3000"},{"type":4,"typenum":"124578","typemoney":"200"},{"type":5,"typenum":"1889224","typemoney":"10"},{"type":6,"typenum":"10927492","typemoney":"5"},{"type":7,"typenum":"","typemoney":""}]},{"name":"双色球","code":"2020054","detailsLink":"/c/2020-06-23/470192.shtml","videoLink":"/c/2020-06-23/470191.shtml","date":"2020-06-23(二)","week":"二","red":"03,10,19,25,26,31","blue":"02","blue2":"","sales":"338817016","poolmoney":"1050374135","content":"河北2注,浙江2注,江西1注,河南1注,湖南1注,广东1注,四川1注,贵州1注,新疆1注,共11注。","addmoney":"","addmoney2":"","msg":"","z2add":"","m2add":"","prizegrades":[{"type":1,"typenum":"11","typemoney":"6596678"},{"type":2,"typenum":"210","typemoney":"104544"},{"type":3,"typenum":"1818","typemoney":"3000"},{"type":4,"typenum":"80778","typemoney":"200"},{"type":5,"typenum":"1444247","typemoney":"10"},{"type":6,"typenum":"8430192","typemoney":"5"},{"type":7,"typenum":"","typemoney":""}]},{"name":"双色球","code":"2020053","detailsLink":"/c/2020-06-21/470082.shtml","videoLink":"/c/2020-06-21/470081.shtml","date":"2020-06-21(日)","week":"日","red":"02,14,15,16,32,33","blue":"01","blue2":"","sales":"381666534","poolmoney":"1057074616","content":"浙江14注,湖南1注,四川1注,云南1注,深圳2注,共19注。","addmoney":"","addmoney2":"","msg":"","z2add":"","m2add":"","prizegrades":[{"type":1,"typenum":"19","typemoney":"6277278"},{"type":2,"typenum":"360","typemoney":"84264"},{"type":3,"typenum":"1404","typemoney":"3000"},{"type":4,"typenum":"58928","typemoney":"200"},{"type":5,"typenum":"1018510","typemoney":"10"},{"type":6,"typenum":"7898492","typemoney":"5"},{"type":7,"typenum":"","typemoney":""}]},{"name":"双色球","code":"2020052","detailsLink":"/c/2020-06-18/469969.shtml","videoLink":"/c/2020-06-18/469968.shtml","date":"2020-06-18(四)","week":"四","red":"02,08,13,29,32,33","blue":"15","blue2":"","sales":"352815504","poolmoney":"1085336824","content":"江苏1注,山东1注,共2注。","addmoney":"","addmoney2":"","msg":"","z2add":"","m2add":"","prizegrades":[{"type":1,"typenum":"2","typemoney":"10000000"},{"type":2,"typenum":"53","typemoney":"568303"},{"type":3,"typenum":"707","typemoney":"3000"},{"type":4,"typenum":"49881","typemoney":"200"},{"type":5,"typenum":"1105323","typemoney":"10"},{"type":6,"typenum":"5849766","typemoney":"5"},{"type":7,"typenum":"","typemoney":""}]},{"name":"双色球","code":"2020051","detailsLink":"/c/2020-06-16/469859.shtml","videoLink":"/c/2020-06-16/469858.shtml","date":"2020-06-16(二)","week":"二","red":"03,06,08,11,19,28","blue":"08","blue2":"","sales":"342968302","poolmoney":"1014976572","content":"山西1注,内蒙古1注,辽宁5注,黑龙江1注,上海1注,江苏1注,浙江1注,江西1注,山东1注,湖南3注,广东1注,广西3注,陕西1注,宁夏1注,新疆1注,共23注。","addmoney":"","addmoney2":"","msg":"","z2add":"","m2add":"","prizegrades":[{"type":1,"typenum":"23","typemoney":"5442583"},{"type":2,"typenum":"268","typemoney":"47478"},{"type":3,"typenum":"3689","typemoney":"3000"},{"type":4,"typenum":"146306","typemoney":"200"},{"type":5,"typenum":"2075975","typemoney":"10"},{"type":6,"typenum":"11213884","typemoney":"5"},{"type":7,"typenum":"","typemoney":""}]},{"name":"双色球","code":"2020050","detailsLink":"/c/2020-06-14/469749.shtml","videoLink":"/c/2020-06-14/469748.shtml","date":"2020-06-14(日)","week":"日","red":"04,09,17,20,32,33","blue":"15","blue2":"","sales":"379409292","poolmoney":"1101983169","content":"山东1注,广西1注,海南1注,四川1注,陕西1注,共5注。","addmoney":"","addmoney2":"","msg":"","z2add":"","m2add":"","prizegrades":[{"type":1,"typenum":"5","typemoney":"9664099"},{"type":2,"typenum":"90","typemoney":"323895"},{"type":3,"typenum":"1305","typemoney":"3000"},{"type":4,"typenum":"61232","typemoney":"200"},{"type":5,"typenum":"1226803","typemoney":"10"},{"type":6,"typenum":"8175729","typemoney":"5"},{"type":7,"typenum":"","typemoney":""}]},{"name":"双色球","code":"2020049","detailsLink":"/c/2020-06-11/469636.shtml","videoLink":"/c/2020-06-11/469635.shtml","date":"2020-06-11(四)","week":"四","red":"01,07,09,12,18,22","blue":"04","blue2":"","sales":"355402476","poolmoney":"1062851807","content":"河北1注,内蒙古1注,浙江1注,安徽1注,河南2注,陕西1注,共7注。","addmoney":"","addmoney2":"","msg":"","z2add":"","m2add":"","prizegrades":[{"type":1,"typenum":"7","typemoney":"7652110"},{"type":2,"typenum":"140","typemoney":"165756"},{"type":3,"typenum":"1720","typemoney":"3000"},{"type":4,"typenum":"79481","typemoney":"200"},{"type":5,"typenum":"1438014","typemoney":"10"},{"type":6,"typenum":"9177399","typemoney":"5"},{"type":7,"typenum":"","typemoney":""}]},{"name":"双色球","code":"2020048","detailsLink":"/c/2020-06-09/469526.shtml","videoLink":"/c/2020-06-09/469525.shtml","date":"2020-06-09(二)","week":"二","red":"12,14,18,23,30,32","blue":"02","blue2":"","sales":"351604616","poolmoney":"1046798674","content":"河北1注,上海2注,福建1注,四川1注,云南1注,共6注。","addmoney":"","addmoney2":"","msg":"","z2add":"","m2add":"","prizegrades":[{"type":1,"typenum":"6","typemoney":"8364818"},{"type":2,"typenum":"75","typemoney":"336481"},{"type":3,"typenum":"1020","typemoney":"3000"},{"type":4,"typenum":"57691","typemoney":"200"},{"type":5,"typenum":"1221283","typemoney":"10"},{"type":6,"typenum":"8906134","typemoney":"5"},{"type":7,"typenum":"","typemoney":""}]},{"name":"双色球","code":"2020047","detailsLink":"/c/2020-06-07/469316.shtml","videoLink":"/c/2020-06-07/469315.shtml","date":"2020-06-07(日)","week":"日","red":"04,10,17,19,28,32","blue":"01","blue2":"","sales":"382084220","poolmoney":"1021279165","content":"天津1注,山西2注,上海1注,江西1注,山东1注,河南1注,广东2注,四川1注,共10注。","addmoney":"","addmoney2":"","msg":"","z2add":"","m2add":"","prizegrades":[{"type":1,"typenum":"10","typemoney":"7200661"},{"type":2,"typenum":"140","typemoney":"196487"},{"type":3,"typenum":"1326","typemoney":"3000"},{"type":4,"typenum":"71123","typemoney":"200"},{"type":5,"typenum":"1340383","typemoney":"10"},{"type":6,"typenum":"9116348","typemoney":"5"},{"type":7,"typenum":"","typemoney":""}]},{"name":"双色球","code":"2020046","detailsLink":"/c/2020-06-04/469303.shtml","videoLink":"/c/2020-06-04/469302.shtml","date":"2020-06-04(四)","week":"四","red":"13,19,25,26,27,32","blue":"08","blue2":"","sales":"350122868","poolmoney":"1010760962","content":"山西1注,上海1注,江苏1注,浙江1注,安徽1注,江西1注,河南1注,共7注。","addmoney":"","addmoney2":"","msg":"","z2add":"","m2add":"","prizegrades":[{"type":1,"typenum":"7","typemoney":"6855509"},{"type":2,"typenum":"87","typemoney":"186617"},{"type":3,"typenum":"1674","typemoney":"3000"},{"type":4,"typenum":"82506","typemoney":"200"},{"type":5,"typenum":"1439821","typemoney":"10"},{"type":6,"typenum":"14139193","typemoney":"5"},{"type":7,"typenum":"","typemoney":""}]},{"name":"双色球","code":"2020045","detailsLink":"/c/2020-06-02/469193.shtml","videoLink":"/c/2020-06-02/469192.shtml","date":"2020-06-02(二)","week":"二","red":"02,03,15,21,22,33","blue":"16","blue2":"","sales":"348295556","poolmoney":"1010042406","content":"辽宁1注,江苏1注,浙江10注,江西1注,重庆1注,河南1注,云南1注,共16注。","addmoney":"","addmoney2":"","msg":"","z2add":"","m2add":"","prizegrades":[{"type":1,"typenum":"16","typemoney":"6075531"},{"type":2,"typenum":"115","typemoney":"187048"},{"type":3,"typenum":"1443","typemoney":"3000"},{"type":4,"typenum":"75653","typemoney":"200"},{"type":5,"typenum":"1350994","typemoney":"10"},{"type":6,"typenum":"10330554","typemoney":"5"},{"type":7,"typenum":"","typemoney":""}]},{"name":"双色球","code":"2020044","detailsLink":"/c/2020-05-31/469083.shtml","videoLink":"/c/2020-05-31/469082.shtml","date":"2020-05-31(日)","week":"日","red":"07,08,16,17,19,24","blue":"07","blue2":"","sales":"379328476","poolmoney":"1042719025","content":"北京1注,江苏1注,福建2注,江西1注,重庆1注,湖北1注,广东1注,贵州1注,陕西1注,共10注。","addmoney":"","addmoney2":"","msg":"","z2add":"","m2add":"","prizegrades":[{"type":1,"typenum":"10","typemoney":"6803090"},{"type":2,"typenum":"107","typemoney":"210641"},{"type":3,"typenum":"1863","typemoney":"3000"},{"type":4,"typenum":"92825","typemoney":"200"},{"type":5,"typenum":"1618618","typemoney":"10"},{"type":6,"typenum":"11075249","typemoney":"5"},{"type":7,"typenum":"","typemoney":""}]},{"name":"双色球","code":"2020043","detailsLink":"/c/2020-05-28/468870.shtml","videoLink":"/c/2020-05-28/468869.shtml","date":"2020-05-28(四)","week":"四","red":"01,11,24,25,27,30","blue":"07","blue2":"","sales":"360394276","poolmoney":"1043134035","content":"安徽1注,山东1注,广东1注,四川1注,青海1注,共5注。","addmoney":"","addmoney2":"","msg":"","z2add":"","m2add":"","prizegrades":[{"type":1,"typenum":"5","typemoney":"7928059"},{"type":2,"typenum":"64","typemoney":"285943"},{"type":3,"typenum":"1287","typemoney":"3000"},{"type":4,"typenum":"64469","typemoney":"200"},{"type":5,"typenum":"1232686","typemoney":"10"},{"type":6,"typenum":"14862010","typemoney":"5"},{"type":7,"typenum":"","typemoney":""}]},{"name":"双色球","code":"2020042","detailsLink":"/c/2020-05-26/468760.shtml","videoLink":"/c/2020-05-26/468759.shtml","date":"2020-05-26(二)","week":"二","red":"02,06,07,11,14,31","blue":"03","blue2":"","sales":"345472844","poolmoney":"1027873219","content":"内蒙古1注,浙江1注,海南1注,云南1注,深圳1注,共5注。","addmoney":"","addmoney2":"","msg":"","z2add":"","m2add":"","prizegrades":[{"type":1,"typenum":"5","typemoney":"8415115"},{"type":2,"typenum":"98","typemoney":"217800"},{"type":3,"typenum":"1302","typemoney":"3000"},{"type":4,"typenum":"66541","typemoney":"200"},{"type":5,"typenum":"1258725","typemoney":"10"},{"type":6,"typenum":"10820470","typemoney":"5"},{"type":7,"typenum":"","typemoney":""}]},{"name":"双色球","code":"2020041","detailsLink":"/c/2020-05-24/468650.shtml","videoLink":"/c/2020-05-24/468649.shtml","date":"2020-05-24(日)","week":"日","red":"06,07,16,22,24,25","blue":"13","blue2":"","sales":"372422582","poolmoney":"1005915378","content":"辽宁1注,浙江1注,共2注。","addmoney":"","addmoney2":"","msg":"","z2add":"","m2add":"","prizegrades":[{"type":1,"typenum":"2","typemoney":"10000000"},{"type":2,"typenum":"102","typemoney":"255217"},{"type":3,"typenum":"1347","typemoney":"3000"},{"type":4,"typenum":"65436","typemoney":"200"},{"type":5,"typenum":"1239183","typemoney":"10"},{"type":6,"typenum":"9767677","typemoney":"5"},{"type":7,"typenum":"","typemoney":""}]},{"name":"双色球","code":"2020040","detailsLink":"/c/2020-05-21/468637.shtml","videoLink":"/c/2020-05-21/468636.shtml","date":"2020-05-21(四)","week":"四","red":"01,06,12,16,19,21","blue":"04","blue2":"","sales":"341533118","poolmoney":"947818891","content":"上海2注,浙江1注,河南1注,新疆1注,共5注。","addmoney":"","addmoney2":"","msg":"","z2add":"","m2add":"","prizegrades":[{"type":1,"typenum":"5","typemoney":"8416563"},{"type":2,"typenum":"92","typemoney":"232103"},{"type":3,"typenum":"1462","typemoney":"3000"},{"type":4,"typenum":"62512","typemoney":"200"},{"type":5,"typenum":"1172655","typemoney":"10"},{"type":6,"typenum":"10664440","typemoney":"5"},{"type":7,"typenum":"","typemoney":""}]},{"name":"双色球","code":"2020039","detailsLink":"/c/2020-05-19/468527.shtml","videoLink":"/c/2020-05-19/468526.shtml","date":"2020-05-19(二)","week":"二","red":"02,09,10,11,16,29","blue":"02","blue2":"","sales":"341609556","poolmoney":"925841149","content":"河北1注,江苏1注,福建1注,江西2注,湖南1注,海南1注,云南1注,新疆1注,共9注。","addmoney":"","addmoney2":"","msg":"","z2add":"","m2add":"","prizegrades":[{"type":1,"typenum":"9","typemoney":"6952125"},{"type":2,"typenum":"166","typemoney":"132297"},{"type":3,"typenum":"1872","typemoney":"3000"},{"type":4,"typenum":"82590","typemoney":"200"},{"type":5,"typenum":"1424993","typemoney":"10"},{"type":6,"typenum":"8631819","typemoney":"5"},{"type":7,"typenum":"","typemoney":""}]},{"name":"双色球","code":"2020038","detailsLink":"/c/2020-05-17/468317.shtml","videoLink":"/c/2020-05-17/468316.shtml","date":"2020-05-17(日)","week":"日","red":"01,06,07,18,23,24","blue":"15","blue2":"","sales":"374760420","poolmoney":"922526038","content":"河北1注,上海2注,江苏1注,浙江3注,江西1注,山东1注,重庆1注,湖南1注,广东1注,四川1注,贵州2注,共15注。","addmoney":"","addmoney2":"","msg":"","z2add":"","m2add":"","prizegrades":[{"type":1,"typenum":"15","typemoney":"6276646"},{"type":2,"typenum":"317","typemoney":"75511"},{"type":3,"typenum":"2605","typemoney":"3000"},{"type":4,"typenum":"108654","typemoney":"200"},{"type":5,"typenum":"1687254","typemoney":"10"},{"type":6,"typenum":"8293150","typemoney":"5"},{"type":7,"typenum":"","typemoney":""}]},{"name":"双色球","code":"2020037","detailsLink":"/c/2020-05-14/468204.shtml","videoLink":"/c/2020-05-14/468203.shtml","date":"2020-05-14(四)","week":"四","red":"01,04,11,13,17,24","blue":"15","blue2":"","sales":"350126486","poolmoney":"944864355","content":"辽宁1注,黑龙江1注,江西1注,湖南1注,甘肃1注,新疆1注,共6注。","addmoney":"","addmoney2":"","msg":"","z2add":"","m2add":"","prizegrades":[{"type":1,"typenum":"6","typemoney":"6810277"},{"type":2,"typenum":"65","typemoney":"208878"},{"type":3,"typenum":"1804","typemoney":"3000"},{"type":4,"typenum":"90393","typemoney":"200"},{"type":5,"typenum":"1553187","typemoney":"10"},{"type":6,"typenum":"15646239","typemoney":"5"},{"type":7,"typenum":"","typemoney":""}]},{"name":"双色球","code":"2020036","detailsLink":"/c/2020-05-12/467794.shtml","videoLink":"/c/2020-05-12/467793.shtml","date":"2020-05-12(二)","week":"二","red":"07,09,16,22,24,32","blue":"06","blue2":"","sales":"346455736","poolmoney":"944994783","content":"辽宁1注,河南1注,广西1注,共3注。","addmoney":"","addmoney2":"","msg":"","z2add":"","m2add":"","prizegrades":[{"type":1,"typenum":"3","typemoney":"10000000"},{"type":2,"typenum":"104","typemoney":"204187"},{"type":3,"typenum":"1512","typemoney":"3000"},{"type":4,"typenum":"66818","typemoney":"200"},{"type":5,"typenum":"1233642","typemoney":"10"},{"type":6,"typenum":"10917078","typemoney":"5"},{"type":7,"typenum":"","typemoney":""}]},{"name":"双色球","code":"2020035","detailsLink":"/c/2020-05-10/467584.shtml","videoLink":"/c/2020-05-10/467583.shtml","date":"2020-05-10(日)","week":"日","red":"10,14,24,25,28,33","blue":"11","blue2":"","sales":"371811232","poolmoney":"911288358","content":"浙江1注,安徽1注,湖北1注,广东1注,共4注。","addmoney":"","addmoney2":"","msg":"","z2add":"","m2add":"","prizegrades":[{"type":1,"typenum":"4","typemoney":"9777104"},{"type":2,"typenum":"97","typemoney":"246242"},{"type":3,"typenum":"1144","typemoney":"3000"},{"type":4,"typenum":"63216","typemoney":"200"},{"type":5,"typenum":"1222131","typemoney":"10"},{"type":6,"typenum":"11669779","typemoney":"5"},{"type":7,"typenum":"","typemoney":""}]}]}